|0000|011|0|01042017|30042017|IPANEMA GRAFICA E EDITORA LTDA|03847530000168||GO|101763743|5201405|65591828191||A|0|
|0001|0|
|0005|GRAFICA IPANEMA|74985105|RUA 06 QD 23 LT 03 ESQ COM RUA 19|SN||POLO EMPRESARIAL GOIAS ETAPA 1|6236112400|6236112400|compras@graficaipanema.com.br|
|0100|DURCIVAL ALEIXO CHAVEIRO|29262208120|GO009329O3|04840920000179|74013020|RUA 2|230|EDF CARLOS CHAGAS SALA 908 E 909|CENTRO|6232254208||dp.planec.contabilidade@hotmail.com|5208707|
|0150|9253|TELEFONICA BRASIL S.A|1058|02558157002297||103542051|5208707||AV 85 COM RUA 14|720||LESTE|
|0150|20960|ANALISYS LABORATÓRIO CLÍNICO LTDA|1058|05933046000187|||1702109||Rua Treze de Maio|1074||Setor Central|
|0150|10762|MPL INDUSTRIA E COMERCIO DE ROUPAS LTDA|1058|08007677000163||104005661|5201405||RUA 6|sn||P E GOIAS|
|0150|9140|CA DA LUZ CARLUX|1058|08833461000157||104130385|5201405||RUA DEPUTADO JURACI XAVIER TEIXEIRA|||VILA MARIA|
|0150|112|SUZANO S.A.|1058|16404287029994||104968974|5208707||ROD BR-153|||Fazenda Retiro|
|0150|13850|DGRAFIK DISTRIBUIDORA LTDA-ME|1058|20442038000121||106034723|5208707||AVENIDA ANHANGUERA|3177||ST L UNIVERSITARIO|
|0150|222|MULLER MARTINI BRASIL COMERCIO E REPRESENTACOES LTDA.|1058|02947632000192||115362260114|3550308||R IPORANGA|132||AGUA BRANCA|
|0150|8283|Heidelberg do Brasil Sistemas Graficos e Servicos Ltda.|1058|02531128000107||623046740116|3547304||Alameda Africa|||Polo Empresarial Tambore|
|0150|2561|VIACAO NOVO HORIZONTE LTDA - GO|1058|60829264001237||102765227|5208707||AV PAMPULHA|2100||ST URIAS MAGALHAES|
|0150|13206|SERV DE APOIO AS MICRO E PEQUENAS EMPRESAS DO EST DO TO|1058|25089962000190|||1721000||102 NORTE AVENIDA LO 4 nr.0|01||PLANO DIRETOR NORTE|
|0150|117|NOVO MUNDO MOVEIS E UTILIDADES LTDA|1058|01534080009770||103462325|5208707||AL. DOS FLAMBOYANTS. N 101. QD QD. LT 01.|sn||SITIO BERNADO SAYAO|
|0150|128|NOVO MUNDO MOVEIS E UTILIDADES LTDA|1058|01534080014501||293930392|1721000||QUADRA 812 SUL ALAMEDA 3. LT. 07|||PLANO DIRETOR SUL|
|0150|17040|NOVO MUNDO MOVEIS E UTILIDADES LTDA|1058|01534080019228||0730208402558|5300108||RODOVIA BR-060, KM 05|||RECANTO DAS EMAS|
|0150|4887|PASSALACQUA & CIA LTDA|1058|55973366001534||103702202|5201405||RUA 1|||POLO EMPRESARIAL GOIAS|
|0150|14417|Jm Comercio de Lubrificantes Ltda|1058|05608441000194||104003324|5201405||Av. Monte Carmelo|||Polo Empresarial Goias|
|0150|4989|HELIOS COLETIVOS E CARGAS LTDA|1058|88446869000962||102394318|5208707||RUA AMERICA DO SUL N|321||STA GENOVEVA|
|0150|16530|ENERGISA TOCANTINS DISTRIBUIDORA DE ENERGIA S.A|1058|25086034000171||290319986|1721000||104 NORTE AVENIDA LO 4 12A|sn||CENTRO|
|0150|15502|GVPAR-PARTICIPACOES E INVESTIMENTOS LTDA|1058|09454155000253||105286575|5201405||AV PERIMETRAL NORTE|3101||VI JOAO VAZ|
|0150|20961|PAULO HENRIQUE COSTA DE FARIAS|1058||57643229104||5201405||RUA 33  LT.03|34||JARDIM BELA VISTA|
|0150|153|DGP - Distribuidora Goiana de Papeis Ltda|1058|03564438000190||103222197|5208707||Av. Independencia|||Setor Aeroporto|
|0150|18585|JEONCEL TRANSPORTES LTDA - ME|1058|07515384000124||106167464|5208707||ROD BR-153|||FAZENDA RETIRO|
|0150|21014|TECNOIMA COM E SERV DE PROD MAG LTDA|1058|10586209000132||141515210110|3548807||AV Goias, 2394|||Barcelona|
|0150|4815|MRV ENGENHARIA E PARTICIPACOES S/A|1058|08343492000987||0749628600205|5300108||CSC QUADRA 6 BLOCO A|141||ASA SUL|
|0150|20401|HOSPITAL OTORRINO DE PALMAS E ESPECIALIDADES LTDA EPP|1058|00971756000188|||1721000||ACSU SE 70, AV. TEOTONIO SEGURADO|||Plano Diretor Sul|
|0150|1183|EMBALAGENS TOCANTINS LTDA|1058|00041384000190||100486835|5208707||R 210|||SETOR COIMBRA|
|0150|21004|COMERCIO DE EMBALAGENS MEL EIRELI  ME|1058|23486117000122||106453998|5208707||R 210|||SETOR COIMBRA|
|0150|16198|USE TRANSP E LOG EIRELI ME|1058|11290687000163||104599812|5208707||RUA RIO PRETO|||BOM JESUS|
|0150|7024|COOPERATIVA DE TRABALHO MEDICO DE ARAGUAINA|1058|25064148000110|||1702109||AVENIDA TOCANTINS|||SETOR CENTRAL|
|0150|20817|COOP. DE CREDITO RURAL E DOS SERVISORES PUBLICOS ESTADUAIS D|1058|03836609000517|||5201405||QD.103 SUL AVENIDA JUSCELINO KUBITSCHEK|sn||PLANO DIRETOR SUL|
|0150|18569|SUPERMERCADO JATAI ATACADISTA E VAREJISTA DE PRODUTOS ALIMEN|1058|23809669000124||106529820|5211909||RUA RIACHUELO|1811||VILA MARIA|
|0150|7023|COMERCIO DE PRODUTOS FARMACEUTICOS BOM JESUS LTDA - ME|1058|05911313000115||103686673|5203500||AV SIMONIDES NETO|123||DONA LEONTINA|
|0150|146|OI MOVEL S/A|1058|05423963000383||283249650|5002704||RUA TAPAJOS|||VILA RICA|
|0150|16533|OI MOVEL S/A|1058|05423963015062||53320026|1302603||AVENIDA EPHIGENIO SALLES|700||ADRIANOPOLIS|
|0150|144|OI MOVEL S/A|1058|05423963001002||132172526|5103403||RUA BARAO DE MELGACO|||CENTRO SUL|
|0150|1045|OI MOVEL S/A|1058|05423963000707||00000001180631|1100205||Rua Dom Pedro II|||CENTRO|
|0150|20808|OI MOVEL S/A - AP|1058|05423963014503|||1600303||AV.DUQUE DE CAXIAS|106||CENTRAL|
|0150|18961|OI MOVEL S/A - PA|1058|05423963015224||153926805|1501402||TRAVESSA DOUTOR MORAES ,5 ANDAR|121||NAZARE|
|0150|16277|OI MOVEL S/A|1058|05423963014929||240237101|1400100||AVENIDA VILLE ROY|sn||CENTRO|
|0150|21003|DAIENE VALERIA DA SILVA 00997310103|1058|26819002000109||106810448|5201405||RUA DUQUE DE PALMELA, O QUADRA 101, LOTE 01, CASA 1|||JARDIM MARIA INEZ|
|0150|2862|WURTH DO BRASIL PECAS DE FIXACAO LTDA|1058|43648971000155||278024442113|3513009||RUA: ADOLF WURTH|||JD SAO VICENTE|
|0150|2534|TRANSPORTO TRANSPORTES DE CARGAS LTDA-EPP|1058|00712545000120||102748012|5208707||AV PIRINEUS|660||SAO FRANCISCO|
|0150|19616|NOGUEIRA e LONGHITANO CENTRO DE ESTETICA LTDA - ME|1058|25047173000196||647824023118|3549805||RUA DOUTOR PRESCILIANO PINTO|744||BOA VISTA|
|0150|20963|ZK INTERNET E COMERCIO ELETRONICO LTDA|1058|10914900000106|||5201405||RUA CLODOMIRO AMAZONAS  CJ 21|1099||VILA NOVA CONCEICAO|
|0150|142|OI MOVEL S/A|1058|05423963001193||293457689|1721000||AV. NS - A.|||PLANO DIRETOR SUL|
|0150|155|SANDRE COM IND EMBALAGENS LTDA|1058|06942157000112||103819320|5208707||AL DO CONTORNO|||SANTO ANTONIO|
|0150|16848|IEC Instalacoes Eng. De Corrosao LTDA|1058|34073353000133||81224641|3304557||Av. Presidente Vargas, 633 salas 2010 a 2019|||Centro|
|0150|4520|PAPELARIA E LIVRARIA UNIVERSO EIRELI EPP|1058|04292064000164||103355626|5208707||RUA 87|||SETOR SUL|
|0150|15129|EMBALAGENS PARANAIBA LTDA|1058|20743715000141||106076396|5208707||AVENIDA PARANAIBA, 26|||CENTRO|
|0150|7392|CAFE RANCHEIRO AGRO INDUSTRIAL LTDA|1058|02924249000119||101485891|5201108||RUA VP-1D|||DAIA|
|0150|181|Hubergroup Brasil Tintas Graficas Ltda|1058|07672995000186||635526290118|3548708||Rua Brascola (Vl Sao Leopoldo)|||Jordanopolis|
|0150|16863|SG Comercio de Materiais Graficos LTDA -|1058|13819531000152||142339911114|3550308||Rua Jose de Oliveira, 1081|||Parque Peruche|
|0150|20571|PLASTIL COMERCIAL DE PLÁSTICOS|1058|00650895000100||0731009100126|5300108||SDN CONJUNTO A SALAS 6073/5/7, 6073/5/7 CONJUNTO NACIONAL|||ASA NORTE|
|0150|19658|AKRON PHARMA SA|1058|13036559000113||104889055|5201108||VIELA VI L1 LT.01 QD.14|||DAIA|
|0150|20964|RESIDENCIAL SANTA CLARA EMPREENDIMENTOS IMOBILIARIOS SPE LTD|1058|24258848000183|||5201405||RUA 22 , SALA 10|914||SETOR OESTE|
|0150|10511|CASA DA MADEIRA LTDA GO|1058|05197310000161||103530487|5208707||AV T 63 QD 03 LTS 52 54 56 58 65 67,                  4408,|||ANHANGUERA|
|0150|1197|BOTTCHER DO BRASIL LTDA|1058|02740399000172||407358553112|3525904||Rua Antonio Ovidio Rodrigues|||Parque Industrial III|
|0150|16584|R A DA SILVA PAPEIS ME|1058|20996283000180||106112546|5208707||AV NEROPOLIS, 574 QD 01 LT 04 -|||RES. JOSE VIANDELLI|
|0150|3120|SOLIDA TRANSPORTE LTDA|1058|74167222000210||114025980118|3550308||AVE INAJARADE SOUZA|1950||DO LIMAO|
|0150|10634|ACCERT TRANSPORTES E LOGISTICA LTDA.-871|1058|05222092000259||103546731|5208707||AV. INDUSTRIAL|460||SETOR AEROVIARIO|
|0150|6564|CARVALIMA TRANSPORTES LTDA|1058|33070814001557||104735155|5208707||AV CENTRAL QUADRA F LOTE 05|848||SETOR EMPRESARIAL|
|0150|21015|RCA PAPEIS E CARTOES LTDA|1058|09429349000118||148040778116|3550308||AV DEZENOVE DE JANEIRO, 277|||VILA CARRAO|
|0150|20560|FAZENDA CAJUEIRO AGROPECUARIA LTDA|1058|04385421000139||121815218|2101400||AVENIDA BERNARDINHO|119||CENTRO|
|0150|11780|ARAI KAMINISHI e COSTA LTDA|1058|04721117000115|||1721000||501 SUL AVENIDA NS 1 nr.0 CONJ. 02|0||PLANO DIRETOR SUL|
|0150|5064|Rainha da Borracha Ltda|1058|37886462000168||102598142|5208707||Avenida Anhanguera|||Coimbra|
|0150|3346|MATRIX INGREDIENTES COMERCIO E REPRESENTACOES LTDA|1058|04466351000224||206230659111|3505708||AV GUPE GALPAO19|10767||SITIO GUPE|
|0150|20965|COR E ART COMUNICACAO VISUAL|1058|21538348000107|||5201405||RUA GOIANESIA|596||NOVO PLANALTO|
|0150|18211|CDT CENTRO DIAGNOSTICO TOCANTINS LTDA|1058|07720890000155||294688161|1721000||QD 602 SUL AV. NS 2|sn||PLANO DIRETOR SUL|
|0150|1044|OI MOVEL S/A|1058|05423963000200||0101418600117|1200401||AVENIDA BRASIL|||CENTRO|
|0150|4827|FREEDOM MOTORS LTDA|1058|04719284000393||0742740000365|5300108||SIA SUL QUADRA 3-C|sn||GUARA|
|0150|11261|COMERCIAL CONSTRUIR EIRELI|1058|15815741000106||105482374|5211909||AVENIDA JORGE ZAIDEN|283A||VILA SANTA MARIA|
|0150|3938|LUIZ ROBERTO ASSIS - LABORATORIO MICROLAB|1058|01104592000154|||5211909||AV. DORIVAL DE CARVALHO nr.831|831||SETOR CENTRAL|
|0150|20966|COOP. DE CREDITO DE LIVRE ADMISSAO DE ASSOCIADOS UNIAO DOS E|1058|24654881001528|||2919553||RUA PIAUI|310||MIMOSO DO OESTE|
|0150|18573|FEDERACAO DO COMERCIO DE BENS DE SERV.E TURISMO DO EST. TO|1058|37344793000176|||1721000||301 NORTE AVENIDA JOAQUIM TEOTONIO SEGURADO|sn||PLANO DIRETOR NORTE|
|0150|18844|QUINTA EMPREENDIMENTOS IMOBILIARIOS SPE LTDA|1058|24064139000167|||5217302||RUA DO BOMFIM|01||ALTO DO BONFIM|
|0150|7035|OZAIR BARBOSA FERNADES ME|1058|16671294000113||105422126|5208707||AVENIDA SENADOR JOSE RODRIGUES DE MORAIS NETO|1953||PARQUE AMAZONIA|
|0150|21005|CERRADO DIST. E COM. DE PRODUTOS QUIMICOS LTDA|1058|24326385000140||106562193|5201405||RUA MARIA CONCEICAO QD. 21 LT. 16, 000|||VILA MARIA|
|0150|8024|R1 Produtos Graficos Ltda Me|1058|09010668000194||0749177700170|5300108||SHCSW QMSW, Qd 02,Cj C, Lt 24 Lj,2,                  0,|||Sudoeste|
|0150|8506|CLARO S/A|1058|40432544043628|||5208707||AV 24 DE OUTUBRO|1219||SETOR CAMPINAS|
|0150|20248|CLARO S.A.|1058|40432544043385|||1721000||Q 104 NORTE AVENIDA JUSCELINO KUBITSCHEK|38 A||PLANO DIRETOR NORTE|
|0150|19602|WAM NEGOCIOS IMOBILIARIOS LTDA|1058|17919649000456||106602578|5204508||RUA B10 nr.0 QD 16 LT 28|0||ESTANCIA ITANHANGA I|
|0150|15113|WAM NEGOCIOS IMOBILIARIOS LTDA|1058|17919649000294|||3533908||AV. DO FOLCLORE nr.1543 C. LARANJAIS THERMA|1543||SANTA EFIGENIA|
|0150|18973|WAM BRASIL NEGOCIOS INTELIGENTES LTDA|1058|17919649000537||132544056|2925303||AV.BEIRA AMR LT 12E 13|sn||ITAPERAPUAN|
|0150|19601|WAM BRASIL NEGOCIOS INTELIGENTES LTDA|1058|17919649001185|||4309100||AV BORGES MEDEIROS|3150||CENTRO|
|0150|20810|JAINE MARIANI DE OLIVEIRA|1058||83513345020||5201405||AVENIDA DAS GAIVOTAS  - HOTEL SLAVIERO|1114||INGLESES|
|0150|20811|KARINA ULIANA CHRIST|1058||13727394757||5201405||ROD BR 262 ,KM 89|sn||ARACE - HOTEL BRISTOL VISTA AZUL|
|0150|9078|DISK CLEAN PRODUTOS DE LIMPEZA - EIRELI - EPP|1058|17648440000152||105586021|5208707||AVENIDA BANDEIRAS, DAS,                  SN,|||VILA BRASILIA|
|0150|5762|CELG DISTRIBUICAO S/A|1058|01543032000104|||5208707||rua 02 qd-A 17|0217||JARDIM GOIAS|
|0150|20967|LOGICA CONSTRUTORA LTDA - ME|1058|03883898000181||104912618|5201405||RUA QUINCA HONORIOLEAO QD 01 LT 25 A SL 01|118||RESIDENCIAL ARAGUAIA|
|0150|20968|REAL COLINAS EMPREENDIMENTOS IMOBILIARIOS LTDA|1058|25232605000139|||5201405||ALAMEDA DOS BURITIS|408||SETOR CENTRAL|
|0150|13112|JC SIMAO COMUNICACAO LTDA - ME|1058|20061353000109|||4106902||RUA ITUPAVA SL 22 ITUPAVA SHOPP|1299||HUGO LANGE|
|0150|114|OBJETIVA PAPEIS E MAT.GRAFICOS LTDA|1058|01637355000159||102889643|5208707||RUA P.13 Q.P78 LT.13|||ST DOS FUNCIONA|
|0150|136|SUZANO S.A.|1058|16404287015691||417265770113|3526902||EST DO LAGEADO|||Lageado|
|0150|15149|BATERIAS E CARREGADORES FERNANDES LTDA ME|1058|15684083000152||105372404|5208707||av c 17 n 170 qd 157 lt 10 sala 1 bcf|||SUDOESTE|
|0150|15861|MBSET INDUSTRIAL|1058|02034206000672||144077524118|3550308||RUA: R DO CURTUME, 738|||LAPA DE BAIXO|
|0150|1196|DF DISTRIBUIDORA DE PAPEIS LTDA|1058|03988378000133||0741361800128|5300108||SIG/SUL QUADRA 06 LOTE|||SETOR GRAFICO|
|0150|20969|GRM MEDICAMENTOS E PERFUMARIA LTDA|1058|08385109000104||104059940|5201405||QA 01 MC LT.NR 13|sn||SETOR NORTE|
|0150|20682|HABITAT CONSTRUTORA E INCORPORADORA LTDA|1058|00829355001321||136637345|5105259||RUA ESPUMOSO|132||CENTRO|
|0150|21006|CAMPECAS COMERCIO AUTOMOTIVO DE PECAS LTDA ME|1058|02000957000163||0737390100130|5300108||QMSW 02 CONJUNTO C LOTE 10, 0|||SETOR SUDOESTE|
|0150|8815|TRANSPORTADORA RADDAR LTDA - ME|1058|08402055000130||104091053|5208707||AV PERIMETRAL NORTE QD 02 LT 09 GALPAO 1-A|4013||ZONA INDL PEDRO ABRO|
|0150|18969|ANA LUCIA DE ARAUJO|1058||02547525437||2307304||RUA LEAO XIII|451||SALESIANOS|
|0150|15562|CHAMA VIVA GAS LTDA - ME|1058|05560294000120||103600221|5208707||RUA ALIPIO MENDES|||CID JARDIM|
|0150|6705|LYDER CARTUCHOS LTDA ME|1058|04519767000182||103408240|5208707||RUA 3|421||SETOR CENTRAL|
|0150|1190|FERROBRAZ INDUSTRIAL LTDA.|1058|01527225000163||100596606|5208707||AV INDEPENDENCIA|||ST DOS FUNCIONARIOS|
|0150|5287|CREMER S.A.|1058|82641325004377||256108463|4207502||RUA BERTOLINA MAY KECHELE|||MULDE|
|0150|17382|Suzano S.A|1058|16404287030224||0756855800267|5300108||ST SIA TRECHO 4|||Zona Industrial|
|0150|10957|RIO BRANCO COM. E IND. DE PAPEIS LTDA|1058|50596790001160||110008478113|3550308||AVENIDA HENRY FORD|||PARQUE DA MOOCA|
|0150|1192|SUZANO PAPEL E CELULOSE SA|1058|16404287011602||100861354117|3550308||RUA GOIS RAPOSO nr.400|400||JD STA CRUZ|
|0150|237|PAPA LEGUAS ENCOMENDAS URGENTE LTDA|1058|03618141000160||103238352|5204508||R PROFESSOR BRETAS|270||SETOR CENTRAL|
|0150|11789|Pneulandia Comercial Ltda - T63|1058|01536085001242||103700439|5208707||Avenida T63,                  841,|||Setor Bueno|
|0190|KG|KG.|
|0190|PCT|PCT.|
|0190|PT|PT.|
|0190|PC|PC.|
|0190|PC1|PC1.|
|0190|LT|LT.|
|0190|FL|FL.|
|0190|PC125|PC125.|
|0190|FD|FD.|
|0190|UND|UND.|
|0190|UN|UN.|
|0190|RL|RL.|
|0190|UNI|UNI.|
|0190|CXA|CXA.|
|0190|CT|CT.|
|0190|CH|CH.|
|0190|MT|MT.|
|0190|TB|TB.|
|0190|PCS|PCS.|
|0190|TO|TO.|
|0190|FAR|FAR.|
|0190|PC100|PC100.|
|0190|PC200|PC200.|
|0190|M2|M2.|
|0190|PA|PA.|
|0190|CX|CX.|
|0200|000000180966|BASTAO DE COLA TRANSPARENTE 11.2MM X 300MM|||KG|00|35069900||||0,00||
|0200|000000056477|*PAPEL ALTA ALVURA ALCALINO|SEM GTIN||PCT|00|48025793||||0,00||
|0200|000000044456|TOALHA INDUSTRIAL PRALIM MED.29 X 29-100 UN (CINZA|||PT|00|56031490||||0,00||
|0200|000000181022|CABO KONF. W927 ANSCHL.B904 - H225.0947.5|||PC|00|85444200||||0,00||
|0200|000000181036|Prinect Signa Station Upgrades|||PC|00|84212990||||0,00||
|0200|000000181035|Prinect Color Toolbox Upgrades|||PC|00|84212990||||0,00||
|0200|000000181034|Prinect MetaShooter Upgrades|||PC|00|84212990||||0,00||
|0200|000000181033|Prinect Integration Manager|||PC|00|84212990||||0,00||
|0200|000000181032|Prinect Prepress Manager|||PC|00|84212990||||0,00||
|0200|000000180555|JORNAL PISA PC 48,8G 66X96 500F|SEM GTIN||PC1|00|49019900||||0,00||
|0200|000000051268|GASOLINA C - COMUM|||LT|00|27101932||||0,00||
|0200|000000051267|OLEO DIESEL S10|||LT|00|27101921||||0,00||
|0200|000000062792|LUBRAX ESSENCIAL 2T 500ML|SEM GTIN||LT|00|27101932||||0,00||
|0200|000000178254|COPIATIVO EXTRACOPY CF CN 54G 66X96 250FLS|7891092608495||PC1|00|48092000||||0,00||
|0200|000000180967|PAPEL SIRIO PEARL 300G 72X102 GOLD FL C/ 01 UN FEDRIGONI|||FL|00|48101981||||0,00||
|0200|000000049348|*PAPEL ALTA ALVURA ALCALINO|SEM GTIN||PCT|00|48025892||||0,00||
|0200|000000181039|NEODIMIO PASTILHA 18X2mm|||PC|00|85051990||||0,00||
|0200|000000180969|MARKATTO CONCETTO BIANCO 170 G N 66X96 *FSC|||PC125|00|48025899||||0,00||
|0200|000000180970|PAPEL MARKATTO CONCETTO 170G 66X96 BIANCO C/ 125 FL FEDRIGONI|||PC|00|48025899||||0,00||
|0200|000000062772|COUCHE NEVIA 250G 66X96 125F MATT (APP)|SEM GTIN||PC1|00|48101989||||0,00||
|0200|000000180968|PAPEL IMPERMEAVEL RESMA 50X70 C/400|SEM GTIN||PC|00|48064000||||0,00||
|0200|000000180972|PAPEL MANILHA GLASSPEL 50X70|||FD|00|48064000||||0,00||
|0200|000000060008|SACOS PLASTICOS RECICLADO P/LIXO 100LTS|SEM GTIN||KG|00|39231090||||0,00||
|0200|000000180971|PAPEL MULT. CRIACOR 240G 66X96 FLORESTA FL C/ 01 UN MULTIVERDE|||FL|00|48025892||||0,00||
|0200|000000180965|FACAS DE CORTE E VINCO|||UND|00|82082000||||0,00||
|0200|000000178253|COPIATIVO EXTRACOPY CB BR 54G 66X96 250FLS|7891092608457||PC1|00|48092000||||0,00||
|0200|000000181001|Saphira oleo para rolaria ( 1L )|||UND|00|38249089||||0,00||
|0200|000000009910|HHS 2000 500 ML|SEM GTIN||UN|00|27101932||||0,00||
|0206|650101002|
|0200|000000003794|SILICONE SPRAY WURTH 300 ML|SEM GTIN||UN|00|39100012||||0,00||
|0200|000000039487|3M FITA 4880 DUPLA FACE SCOTCH 9MM X 30M|||RL|00|56031390||||0,00||
|0200|000000060623|LUBRIFICADOR AUTOMATICO CLASSIC SF04 ANEL VERMELHO 100052|||UNI|00|84798999||||0,00||
|0200|000000181025|Arruela de aperto  6|||PC|00|73182100||||0,00||
|0200|000000181023|Pino do mancal mit Querbohrung|||PC|00|73181500||||0,00||
|0200|000000181024|Parafuso de cabe?a cil¡ndrica M10x35-Q1|||PC|00|73181500||||0,00||
|0200|000000180973|PAPEL CONTACT TRANS JUSSARA|||RL|00|01012900||||0,00||
|0200|000000061903|FOLHA PAPEL IMPERMEAVEL 50X70CM UND|||UNI|00|48062000||||0,00||
|0200|000000057437|*ENVELOPE SACO BRANCO 260X360 90G C/250|||CXA|00|48171000||||0,00||
|0200|000000058262|CAFE TRES PODERES ALMOF 500G|7896253400192||KG|00|09012100||||0,00||
|0200|000000143663|ACRYLAC GLOSS  (EMB. 25KG)|SEM GTIN||KG|00|32091020||||0,00||
|0200|000000174885|ACRYLAC MATT EXTRA  (EMB. 25KG)|SEM GTIN||KG|00|32091020||||0,00||
|0200|000000181006|BLANQUETA PRINTEC AZUL 1052X840 C/ BARRA Lote: 126928A|||PC|00|40082100||||0,00||
|0200|000000181005|BLANQUETA PRINTEC AZUL 535X485 C/ BARRA Lote: 126928A|||PC|00|40082100||||0,00||
|0200|000000180223|ESPIRAL 20MM/TRANSP|||PC|00|39261000||||0,00||
|0200|000000177881|ESPIRAL 33MM TRANSP.|||PC|00|39261000||||0,00||
|0200|000000181010|ESPIRAL 40 MM TRANSP.|||PC|00|39261000||||0,00||
|0200|000000181011|CAPA TRANSPARENTE A-4|||CT|00|39261000||||0,00||
|0200|000000059257|ELASTICO RB SUPER AMARELO 1KG|SEM GTIN||KG|00|40169990||||0,00||
|0200|000000180974|PAPEL MULT. CRIACOR 180G 66X96 PETROLEO FL C/ 01 UN MULTIVERDE|||FL|00|48025892||||0,00||
|0200|000000180989|MDF BP CRISTAL 2F 275X184X18MM|||CH|00|44111490||||0,00||
|0200|000000180990|FITA DE BORDO M CINZA CRISTAL 22MM|||MT|00|39204900||||0,00||
|0200|000000181012|BoettcherTex Primera, Maxi 540 mm BottcherTex Primera -|||UNI|00|56031230||||0,00||
|0200|000000180976|CARTAO 250 GRS - 66 X 96 - 100 FLS - BOX BOARD HIGH BULK|||PCT|00|48101989||||0,00||
|0200|000000178260|ALCOOL ISOPROPANOL PURO -  EMB. 200L|||TB|00|29051220||||0,00||
|0200|000000175705|F BOND FEDRIGONI 50G 66X96 500FLS AZUL *FSC|||PC1|00|48025799||||0,00||
|0200|000000177843|F BOND FEDRIGONI 50G 66X96 500FLS ROSA * FSC|||PC1|00|48025799||||0,00||
|0200|000000181007|Chapa termica NA 200 790x1030x0,30 PR(50|||UND|00|37013031||||0,00||
|0200|000000181009|Chapa termica NA 200 459x525x015 PR(100)|||UND|00|37013031||||0,00||
|0200|000000181008|Limpador Saphira COMBI ( 5L) PN A745718H|||UND|00|34029090||||0,00||
|0200|000000178278|Chapa Saphira NA 200 459x525x015 (100)|||UND|00|37013031||||0,00||
|0200|000000173656|Chapa Saphira NA 200 459x525x015 (100)|||UND|00|37013031||||0,00||
|0200|000000181038|PAPEL SUPER BOND 050G 66X96 CANARIO MILLENIUM C/ 500 FL BIGNARDI|||PC|00|48025799||||0,00||
|0200|000000181040|SPECIALA IBEMA 325GR 77X113|||PC|00|48102990||||0,00||
|0200|000000180995|TERMINAL MACHO FIXO NPTF 4-4MP 1X1PC|||PC|00|73079900||||0,00||
|0200|000000180994|TERMINAL MACHO FIXO NPTF 6-4MP 1X1PC|||PC|00|73079900||||0,00||
|0200|000000180991|ACOPLADOR P/GRAXA 4 GARRAS 0918-A 1X1PC|||PC|00|73071920||||0,00||
|0200|000000180993|MANGUEIRA 4M3K-1/4-1TA-3000PSI 1X1MT|||MT|00|40092290||||0,00||
|0200|000000180992|CAPA P/ TERM.R1/R2 100.002.0004 1X1PC|||PC|00|73079900||||0,00||
|0200|000000176178|TECHNOMELT CLEANER MELT-O-CLEAN CX. 12X0,8GR. Lote: WN70087A-9,6|||KG|00|29021910||||0,00||
|0200|000000144798|CONTROLADOR GC 2|||PCS|00|84419000||||0,00||
|0200|000000144797|DISPLAY 15"|||PCS|00|84733099||||0,00||
|0200|000000180975|*PAPEL ALTA ALVURA ALCALINO ORIGINAL|||PCT|00|48025793||||0,00||
|0200|000000052993|*PAPEL COUCHE SUZANO DESIGN GLOSS *|||TO|00|48101989||||0,00||
|0200|000000180215|MOBIL DELVAC MX CI-4 15W40 - GRANEL|SEM GTIN||UNI|00|27101932||||0,00||
|0200|000000061261|STOP RUST RED ANTICORROSIVE LT|||UNI|00|38249041||||0,00||
|0200|000000061967|FILTRO DE COMB. FCI1620|||UNI|00|84219999||||0,00||
|0200|000000174121|FILTRO DE OLEO WO200|SEM GTIN||UNI|00|84212300||||0,00||
|0200|000000180988|FILTRO WOE505|||UNI|00|84219999||||0,00||
|0200|000000175726|HAVOLINE SEMI SINTETICO 10W30 LT|SEM GTIN||LT|00|27101932||||0,00||
|0200|000000180987|LUBRAX ATF TA LT|||LT|00|27101932||||0,00||
|0200|000000180214|FILTRO DE COMBUST. FCD08162|||UNI|00|84219999||||0,00||
|0200|000000178257|COPIATIVO EXTRACOPY CF AZ 54G 66X96 250FLS|7891092608464||PC1|00|48092000||||0,00||
|0200|000000177441|**COUCHE SUZANO PRESS GLOSS COMERCIAL|||PCT|00|48101989||||0,00||
|0200|000000180977|CINZA PANTONE 401 C COATED|||KG|00|32151100||||0,00||
|0200|000000054133|VERDE PANTONE 321 C COATED|||KG|00|32151100||||0,00||
|0200|000000180978|COUCHE SUZANO DESIGN 150G 76X112 150F GLOSS**FSC|||PC1|00|48101990||||0,00||
|0200|000000054125|COUCHE GOLDEN COIN 250G 66X96 100F MATT (PINDO)|SEM GTIN||PC1|00|48101989||||0,00||
|0200|000000049323|*PAPEL COUCHE SUZANO DESIGN GLOSS *|||TO|00|48101990||||0,00||
|0200|000000180979|FORTCOLA 22 BARRICA 5KG|||KG|00|35069900||||0,00||
|0200|000000181014|Wire-O, 9/16 , Preto|||UNI|00|73262000||||0,00||
|0200|000000180981|CAR 80 DESCARBONIZANTE|7897068800016||KG|00|27101999||||0,00||
|0200|000000061258|PAPEL T. 20X22 EX. LUXO NOTAVEL 1000 FLS 7333|7898933061655||FAR|00|48182000||||0,00||
|0200|000000064356|SABAO EM PO ASSIM 1 KG|7897664172234||UNI|00|34029090||||0,00||
|0200|000000143789|ELEMENTO SEP. 500ML H40801685|SEM GTIN||PC|00|38249079||||0,00||
|0200|000000178261|COLOR PLUS LOS ANGELES 180.G 66X96 *FSC|||PC125|00|48025899||||0,00||
|0200|000000174865|VEGETAL CLEAR PLUS 140 G 66X96 *FSC|||PC100|00|48025799||||0,00||
|0200|000000180980|COLOR PLUS LOS ANGELES 120G* 66X96 *FSC|||PC200|00|48025799||||0,00||
|0200|000000175700|COUCHE NEVIA 300G 66X96 125F MATT (APP)|SEM GTIN||PC1|00|48101989||||0,00||
|0200|000000180983|TINTA AZUL NOITE PRINTCART 2,0KG|||LT|00|32151900||||0,00||
|0200|000000180982|VERNIZ SUPER BRILHO S/IMPRESS 2,0KG|||PC|00|32081020||||0,00||
|0200|000000031800|Cola Saphira PUR330(9x2kg)|||PC|00|35069900||||0,00||
|0200|000000010774|Desinfectante Aquaclean AC20|||KG|00|38249079||||0,00||
|0200|000000181013|Saphira  antifoam ( 1L )|||UND|00|56031230||||0,00||
|0200|000000027934|Wire-O, 5/16 , Prata|||UNI|00|73262000||||0,00||
|0200|000000050296|*PAPEL COUCHE SUZANO FIT GLOSS|||TO|00|48101990||||0,00||
|0200|000000181017|*PAPEL COUCHE SUZANO FIT SILK|||TO|00|48101990||||0,00||
|0200|000000181018|*PAPEL COUCHE SUZANO DESIGN GLOSS *|||TO|00|48101990||||0,00||
|0200|000000132184|COUCHE SUZANO DESIGN 170G76X112 150F GLOSS**FSC|||PCS|00|48101990||||0,00||
|0200|000000180996|CARGO 50 AH|||UNI|00|85071090||||0,00||
|0200|000000143662|FILME POLIPROPILENO PROLAM BOPP PL FOSCO TUB 3|SEM GTIN||M2|00|39209990||||0,00||
|0200|000000181015|FILME POLIPROPILENO PROLAM BOPP  BRILHO PL-AB TUB 3|||M2|00|39209990||||0,00||
|0200|000000181016|VEGETAL 140G 66X96 C/ 50F - AR|||PT|00|48063000||||0,00||
|0200|000000180984|COUCHE SUZANO DESIGN 170G 66X96 250F GLOSS**FSC|||PC1|00|48101989||||0,00||
|0200|000000181020|CABO KONF. TAS350-W927 X16-B904 - H213.0292.5|||PC|00|85442000||||0,00||
|0200|000000180998|JOGO DE PASTILHA DIANTEIRO|||UNI|00|87083019||||0,00||
|0200|000000180999|JOGO PASTILHA TRASEIRO|||UNI|00|87083019||||0,00||
|0200|000000181000|JOGO DISCO TRAS|||PA|00|87083090||||0,00||
|0200|000000181021|MAO DE OBRA|||UNI|00|49019900||||0,00||
|0200|000000180985|**COUCHE SUZANO PRESS GLOSS COMERCIAL|||PCT|00|48101989||||0,00||
|0200|000000060062|SACOS POLIPROPILENO PP 22X32X0.06|SEM GTIN||KG|00|39232990||||0,00||
|0200|000000176579|*PAPEL COUCHE SUZANO DESIGN MATTE|||PCT|00|48101990||||0,00||
|0200|000000042728|GLP 20KG|||UNI|00|27111910||||0,00||
|0206|210302001|
|0200|000000050343|TONER COMPATIVEL HP 85A|SEM GTIN||UN|00|84439933||||0,00||
|0200|000000051261|TONER COMPATIVEL CB435A|SEM GTIN||UN|00|84439933||||0,00||
|0200|000000055289|TONER COMPATIVEL CF283A|7898119190353||UN|00|84439933||||0,00||
|0200|000000180997|FERRO CHATO (08) 1x1/8 .......(25-BRS)|||KG|00|72111400||||0,00||
|0200|000000003848|FITA 603 - 19MMX30M - CX/C/30 UNIDADES - CREMER - PAPEL|7891800150209||CX|00|48114110||||0,00||
|0200|000000181019|CHAMBRIL 120G 76 X 112 IP 250 FLS|||PCT|00|48025793||||0,00||
|0200|000000177895|**COUCHE SUZANO PRESS MATTE COMERCIAL|||TO|00|48101989||||0,00||
|0200|000000050409|*PAPEL COUCHE SUZANO DESIGN GLOSS *|||TO|00|48101990||||0,00||
|0200|000000181026|Cartucho filtrante|||PC|00|84212990||||0,00||
|0200|000000181031|Cartucho filtrante C912|||PC|00|84212990||||0,00||
|0200|000000181030|Cartucho filtrante C 713|||PC|00|84212990||||0,00||
|0200|000000181029|Jogo de lamelas Set WN124-034 DVT3.60|||PC|00|84409000||||0,00||
|0200|000000181028|Jogo de lamelas|||PC|00|84409000||||0,00||
|0200|000000181027|Cartucho filtrante 64x38x165|||PC|00|84212990||||0,00||
|0200|000000058258|PNEU 17570R13 TOURING DU|||PCS|00|40111000||||0,00||
|0200|000000058289|PNEU 17570R14 TOURING DU|||PCS|00|40111000||||0,00||
|0450|724|INFORMAES ADICIONAIS DE INTERESSE DO FISCO DOCUMENTO EMITIDO POR  EPP OPTANTE PELO SIMPLES NACIONAL NO GERA CREDITO FISCAL DE IPI.|
|0460|385433|NAO INCIDENCIA DE ICMS CONFORME ART 78 E 79 DO INCISO I LINHA E DO DECRETO 4.852/97. -- Valor do Diferencial de Aliquota do ICMS 6,00% R 194,22 partilha: TO 60% R 116,53, GO 40% R 77,69 --  -- Total aproximado dos tributos R 1.018,04 31,45%, Fonte:|
|0460|385434|NAO INCIDENCIA DE ICMS CONFORME ART 78 E 79 DO INCISO I LINHA E DO DECRETO 4.852/97. --  -- Total aproximado dos tributos R 1.306,81 31,45%, Fonte: IBPT|
|0460|386228|Obs.:  - Vendedor.: CARLOS - Trib. aprox.: Federal : 200,56 - Estadual  : 0,00 - Municipal : 0,00 Fonte: IBPT ca7gi3 - *** - DOCUMENTO EMITIDO POR ME OU EPP OPTANTE PELO SIMPLES NACIONAL. NAO GERA DIREITO A CREDITO FISCAL DE ICMS, DE ISS E DE IPI - DOCUME|
|0460|386230|Numero DT: 2195590 REDUCAO DE 41,18% NA BASE DE CALCULO DE ICMS CORFORME ARTIGO 8 INC VIII ALINEA A DECRETO 4.852/97. Condicoes de Pagamento: 07 DDL BOLETO Produtos certificados FSC. FSC Misto 70%. RA-COC-001983-M Docs. Referencia: 6182642 / 6182642 / 8|
|0460|386257|Prazo: 28 CLI: 503 ** PED: 2896 VEND: MARQUINHOS Sist Emis /LS:LORENA ** EMPRESA OPTANTE SIMPLES NACIONAL, LEI COMPL. NR. 123 DE 14/12/2006. PERMITE O APROVEITAMENTO DO CREDITO DO ICMS NO VALOR DE R 38,73  CORRESPONDENTE A ALIQUOTA DE 1,86%, NOS TERMOS|
|0460|386361|Valor Aproximado dos Tributos: R 62.46 18.25%. Fonte: IBTP.|
|0460|386370|Base de calculo e aliquota reduz. cfe.Decreto 61791 de 11/01/2016** NO CONFIGURA FATO GERADOR DO IPI CONFORME ART 35 DO DECRETO 7.212/2010**  **  ** Numero de remessa 1253097809 ** ES Equipment ** PP02617 ** Nadja Barteczko **Descrio complementar:**Ser|
|0460|385435|NAO INCIDENCIA DE ICMS CONFORME ART 78 E 79 DO INCISO I LINHA E DO DECRETO 4.852/97.MATERIAL SERA RETIRADO PELA GRAFICA IPANEMA PALMAS , CNPJ: 11.591.201/0001-27. -- Valor do Diferencial de Aliquota do ICMS 6,00% R 104,46 partilha: TO 60% R 62,67, GO 4|
|0460|385436|NAO INCIDENCIA DE ICMS CONFORME ART 78 E 79 DO INCISO I LINHA E DO DECRETO 4.852/97. --  -- Total aproximado dos tributos R 522,31 31,45%, Fonte: IBPT|
|0460|385437|NAO INCIDENCIA DE ICMS CONFORME ART 78 E 79 DO INCISO I LINHA E DO DECRETO 4.852/97. --  -- Total aproximado dos tributos R 126,27 31,45%, Fonte: IBPT|
|0460|385438|NAO INCIDENCIA DE ICMS CONFORME ART 78 E 79 DO INCISO I LINHA E DO DECRETO 4.852/97. --  -- Total aproximado dos tributos R 40,18 31,45%, Fonte: IBPT|
|0460|386229|BASE CALC.REDUZIDA EM 41,17% CONF.ART.8 INC.VIII ANEXO IX DO RCTE - NroCarga: 1575735 - NroPedido: 2571610 - Forma Pagto: BOLETO EMPRESA  - Rota: 22 - GOIANIA|
|0460|385442|Devolucao integral referente a NF nr.2992955/1 de 29/03/2017 --  -- Total aproximado dos tributos R 108,94 31,83%, Fonte: IBPT|
|0460|385443|NAO INCIDENCIA DE ICMS CONFORME ART 78 E 79 DO INCISO I LINHA E DO DECRETO 4.852/97. --  -- Total aproximado dos tributos R 701,03 31,45%, Fonte: IBPT|
|0460|385444|NAO INCIDENCIA DE ICMS CONFORME ART 78 E 79 DO INCISO I LINHA E DO DECRETO 4.852/97.MATERIAL SERA RETIRADO PELA GRAFICA IPANEMA PALMAS, CNPJ: 11.591.201/0001-27 --  -- Total aproximado dos tributos R 31,45 31,45%, Fonte: IBPT|
|0460|385445|ISENTO DE ICMS CONFORME ARTIGO 6, INCISO 74, ANEXO 9, LEI 4.852/97. OBS.: VENDA DE SUCATA DE PAPEIS. --  -- Total aproximado dos tributos R 12,58 31,45%, Fonte: IBPT|
|0460|385446|NAO INCIDENCIA DE ICMS CONFORME ART 78 E 79 DO INCISO I LINHA E DO DECRETO 4.852/97. --  -- Total aproximado dos tributos R 6,29 31,45%, Fonte: IBPT|
|0460|386231|BASE CALC.REDUZIDA EM 41,17% CONF.ART.8 INC.VIII ANEXO IX DO RCTE - NroCarga: 1576173 - NroPedido: 2572488 - Forma Pagto: BOLETO EMPRESA  - Rota: 22 - GOIANIA|
|0460|386232|020-Base Calc. Reduz.Conf.Inciso VIII do Art.8 Anexo IX Decr 4852/97 RCTEMoeda : Duplicata|
|0460|386233|Numero DT: 2200893 REDUCAO DE 41,18% NA BASE DE CALCULO DE ICMS CORFORME ARTIGO 8 INC VIII ALINEA A DECRETO 4.852/97. Condicoes de Pagamento: 07 DDL BOLETO Produtos certificados FSC. FSC Misto 70%. RA-COC-001983-M Docs. Referencia: 6185885 / 6185885 / 8|
|0460|386625|DEP. ITAU|
|0460|385447|NAO INCIDENCIA DE ICMS CONFORME ART 78 E 79 DO INCISO I LINHA E DO DECRETO 4.852/97. --  -- Total aproximado dos tributos R 1.572,50 31,45%, Fonte: IBPT|
|0460|385448|NAO INCIDENCIA DE ICMS CONFORME ART 78 E 79 DO INCISO I LINHA E DO DECRETO 4.852/97. -- Valor do Diferencial de Aliquota do ICMS 6,00% R 45,72 partilha: TO 60% R 27,43, GO 40% R 18,29 --  -- Total aproximado dos tributos R 239,65 31,45%, Fonte: IBP|
|0460|386236|BASE CALC.REDUZIDA EM 41,17% CONF.ART.8 INC.VIII ANEXO IX DO RCTE - NroCarga: 1577933 - NroPedido: 2575341 *Certificados: BV-COC - 175269 - PASSALACQUA amp CIA LTDA - SOMENTE PRODUTOS ASSINALADOS COMO FSC SAO CERTIFICADOS. *FSCCREDITO MISTO / **FSCMI|
|0460|386237|020-Base Calc. Reduz.Conf.Inciso VIII do Art.8 Anexo IX Decr 4852/97 RCTEMoeda : Duplicata|
|0460|386238|BASE CALC.REDUZIDA EM 41,17% CONF.ART.8 INC.VIII ANEXO IX DO RCTE - NroCarga: 1577646 - NroPedido: 2574805 - Forma Pagto: BOLETO EMPRESA  - Rota: 22 - GOIANIA|
|0460|386241|PERMITE APROVEITAMENTO DE CREDITO ICMS NO VALOR DE R 9,70CORRESPONDENTE A ALIQUOTA DE 3,85 % NOS TERMOS DOS ART. 23 DA LC. 123.NOME FANTASIA: IPANEMA GRAFICA E EDITORA LTDAFORMA DE PAGAMENTO: BOLETO 15 DIASNOME DO VENDEDOR: CLEYTON  VALOR APROX. T|
|0460|386242|Nome: IPANEMA GRAFICA E EDITORA LTDA.DOCUMENTO EMITIDO POR ME OU EPP OPTANTE PELO SIMPLES NACIONAL. NAO TERA DIREITO A CREDITO FISCAL DE, ISS E IPIPermite aproveitamento do cred. de ICMS no valor 10,75. Correspondente a Aliq. de 2,56 %, nos termos do ar|
|0460|386285|PERMITE APROVEITAMENTO DE CREDITO ICMS NO VALOR DE R 4,20CORRESPONDENTE A ALIQUOTA DE 3,85 % NOS TERMOS DOS ART. 23 DA LC. 123.NOME FANTASIA: IPANEMA GRAFICA E EDITORA LTDAFORMA DE PAGAMENTO: BOLETO 15 DIASNOME DO VENDEDOR: CLEYTON  VALOR APROX. T|
|0460|385449|NAO INCIDENCIA DE ICMS CONFORME ART 78 E 79 DO INCISO I LINHA E DO DECRETO 4.852/97. -- Valor do Diferencial de Aliquota do ICMS 6,00% R 110,11 partilha: TO 60% R 66,06, GO 40% R 44,05 --  -- Total aproximado dos tributos R 577,14 31,45%, Fonte: IB|
|0460|385450|NAO INCIDENCIA DE ICMS CONFORME ART 78 E 79 DO INCISO I LINHA E DO DECRETO 4.852/97.MATERIAL SERA RETIRADO PELA GRAFICA IPANEMA PALMAS , CNPJ: 11.591.201/0001-27 -- Valor do Diferencial de Aliquota do ICMS 6,00% R 19,50 partilha: TO 60% R 11,70, GO 40%|
|0460|385451|NAO INCIDENCIA DE ICMS CONFORME ART 78 E 79 DO INCISO I LINHA E DO DECRETO 4.852/97. --  -- Total aproximado dos tributos R 880,60 31,45%, Fonte: IBPT|
|0460|386239|020-Base Calc. Reduz.Conf.Inciso VIII do Art.8 Anexo IX Decr 4852/97 RCTEMoeda : Duplicata|
|0460|386240|020-Base Calc. Reduz.Conf.Inciso VIII do Art.8 Anexo IX Decr 4852/97 RCTEMoeda : Duplicata|
|0460|386243|BASE CALC.REDUZIDA EM 41,17% CONF.ART.8 INC.VIII ANEXO IX DO RCTE - NroCarga: 1579235 - NroPedido: 2577239 - Forma Pagto: BOLETO EMPRESA  - Rota: 22 - GOIANIA|
|0460|385452|NAO INCIDENCIA DE ICMS CONFORME ART 78 E 79 DO INCISO I LINHA E DO DECRETO 4.852/97. --  -- Total aproximado dos tributos R 212,29 31,45%, Fonte: IBPT|
|0460|385453|NAO INCIDENCIA DE ICMS CONFORME ART 78 E 79 DO INCISO I LINHA E DO DECRETO 4.852/97. --  -- Total aproximado dos tributos R 382,62 31,45%, Fonte: IBPT|
|0460|385454|NAO INCIDENCIA DE ICMS CONFORME ART 78 E 79 DO INCISO I LINHA E DO DECRETO 4.852/97. --  -- Total aproximado dos tributos R 18,34 31,45%, Fonte: IBPT|
|0460|385455|NAO INCIDENCIA DE ICMS CONFORME ART 78 E 79 DO INCISO I LINHA E DO DECRETO 4.852/97. --  -- Total aproximado dos tributos R 73,38 31,45%, Fonte: IBPT|
|0460|385456|NAO INCIDENCIA DE ICMS CONFORME ART 78 E 79 DO INCISO I LINHA E DO DECRETO 4.852/97. --  -- Total aproximado dos tributos R 18,34 31,45%, Fonte: IBPT|
|0460|385457|NAO INCIDENCIA DE ICMS CONFORME ART 78 E 79 DO INCISO I LINHA E DO DECRETO 4.852/97. --  -- Total aproximado dos tributos R 18,34 31,45%, Fonte: IBPT|
|0460|385458|NAO INCIDENCIA DE ICMS CONFORME ART 78 E 79 DO INCISO I LINHA E DO DECRETO 4.852/97. --  -- Total aproximado dos tributos R 91,73 31,45%, Fonte: IBPT|
|0460|385459|NAO INCIDENCIA DE ICMS CONFORME ART 78 E 79 DO INCISO I LINHA E DO DECRETO 4.852/97. --  -- Total aproximado dos tributos R 18,34 31,45%, Fonte: IBPT|
|0460|385460|NAO INCIDENCIA DE ICMS CONFORME ART 78 E 79 DO INCISO I LINHA E DO DECRETO 4.852/97. --  -- Total aproximado dos tributos R 1.135,31 31,45%, Fonte: IBPT|
|0460|385461|NAO INCIDENCIA DE ICMS CONFORME ART 78 E 79 DO INCISO I LINHA E DO DECRETO 4.852/97. --  -- Total aproximado dos tributos R 89,39 31,45%, Fonte: IBPT|
|0460|385462|NAO INCIDENCIA DE ICMS CONFORME ART 78 E 79 DO INCISO I LINHA E DO DECRETO 4.852/97. --  -- Total aproximado dos tributos R 250,30 31,45%, Fonte: IBPT|
|0460|386245|BASE CALC.REDUZIDA EM 41,17% CONF.ART.8 INC.VIII ANEXO IX DO RCTE - NroCarga: 1579506 - NroPedido: 2577467 - Forma Pagto: BOLETO EMPRESA  - Rota: 22 - GOIANIA|
|0460|386318|ICMS 4% conf Resoluo do Senado Federal nr 13/12, conv.ICMS 123/12. Contedo de importao 100%.**  **  ** Numero de remessa 1759674136 ** Pick up ** Vend email ** Gleici Araujo ** Valor aproximado dos impostos R 31.70 ,e percentual 21.13 % **|
|0460|386323|MERCADORIA ADQUIRIDA PARA USO E CONSUMO. SUBSTITUICAO TRIBUTARIA CF CONV.110/2007, CLAUSULA 11., INCISO I VALOR APROXIMADO DOS TRIBUTOS: FONTE IBPT PEDIDO: 281334 NR. ORDEM DE MONTAGEM: 870262  ***Conheca nosso Portal do Cliente em www.wurthdobrasil.com.b|
|0460|385463|NAO INCIDENCIA DE ICMS CONFORME ART 78 E 79 DO INCISO I LINHA E DO DECRETO 4.852/97. --  -- Total aproximado dos tributos R 1.572,50 31,45%, Fonte: IBPT|
|0460|385464|NAO INCIDENCIA DE ICMS CONFORME ART 78 E 79 DO INCISO I LINHA E DO DECRETO 4.852/97. --  -- Total aproximado dos tributos R 31,45 31,45%, Fonte: IBPT|
|0460|385465|NAO INCIDENCIA DE ICMS CONFORME ART 78 E 79 DO INCISO I LINHA E DO DECRETO 4.852/97. --  -- Total aproximado dos tributos R 21,96 31,45%, Fonte: IBPT|
|0460|385466|NAO INCIDENCIA DE ICMS CONFORME ART 78 E 79 DO INCISO I LINHA E DO DECRETO 4.852/97. --  -- Total aproximado dos tributos R 21,96 31,45%, Fonte: IBPT|
|0460|385467|NAO INCIDENCIA DE ICMS CONFORME ART 78 E 79 DO INCISO I LINHA E DO DECRETO 4.852/97. --  -- Total aproximado dos tributos R 65,89 31,45%, Fonte: IBPT|
|0460|385468|NAO INCIDENCIA DE ICMS CONFORME ART 78 E 79 DO INCISO I LINHA E DO DECRETO 4.852/97. --  -- Total aproximado dos tributos R 87,85 31,45%, Fonte: IBPT|
|0460|385469|NAO INCIDENCIA DE ICMS CONFORME ART 78 E 79 DO INCISO I LINHA E DO DECRETO 4.852/97. --  -- Total aproximado dos tributos R 109,81 31,45%, Fonte: IBPT|
|0460|385470|NAO INCIDENCIA DE ICMS CONFORME ART 78 E 79 DO INCISO I LINHA E DO DECRETO 4.852/97. --  -- Total aproximado dos tributos R 21,96 31,45%, Fonte: IBPT|
|0460|385471|NAO INCIDENCIA DE ICMS CONFORME ART 78 E 79 DO INCISO I LINHA E DO DECRETO 4.852/97. --  -- Total aproximado dos tributos R 21,96 31,45%, Fonte: IBPT|
|0460|385472|NAO INCIDENCIA DE ICMS CONFORME ART 78 E 79 DO INCISO I LINHA E DO DECRETO 4.852/97.  --  -- Total aproximado dos tributos R 2.358,75 31,45%, Fonte: IBPT|
|0460|385473|NAO INCIDENCIA DE ICMS CONFORME ART 78 E 79 DO INCISO I LINHA E DO DECRETO 4.852/97. --  -- Total aproximado dos tributos R 39,31 31,45%, Fonte: IBPT|
|0460|386234|BASE DE CALCULO REDUZIDA, CONFORME ART. 8 INC. VIII ANEXO IX DO RCTE.. - Valor aproximado tributos R 6,78 13,45% Fonte: IBPT|
|0460|386244|BASE CALC.REDUZIDA EM 41,17% CONF.ART.8 INC.VIII ANEXO IX DO RCTE - NroCarga: 1580776 - NroPedido: 2579490 - Forma Pagto: BOLETO EMPRESA  - Rota: 22 - GOIANIA|
|0460|386322|PEDIDO VIA E-MAIL PER-S A/C: RAQUEL RIBEIRO - ALIQUOTA DE ICMS CONFORME RESOLUCAO N. 13 DE 25/04/12 DO SENADO FEDERAL|
|0460|386363|ICMS 4% conf Resoluo do Senado Federal nr 13/12, conv.ICMS 123/12. Contedo de importao 100%.**  **  ** Numero de remessa 1759672622 ** Pick up ** KH 78 N/s FH.FNP0-00261 ** Elder Machado ** Valor aproximado dos impostos R 25.42 ,e percentual 13.08 %|
|0460|385474|Devolucao integral referente a NF nr.4634655/1 de 10/04/2017 --  -- Total aproximado dos tributos R 130,75 35,92%, Fonte: IBPT|
|0460|385477|NAO INCIDENCIA DE ICMS CONFORME ART 78 E 79 DO INCISO I LINHA E DO DECRETO 4.852/97. --  -- Total aproximado dos tributos R 558,76 31,45%, Fonte: IBPT|
|0460|385478|NAO INCIDENCIA DE ICMS CONFORME ART 78 E 79 DO INCISO I LINHA E DO DECRETO 4.852/97. --  -- Total aproximado dos tributos R 157,15 31,45%, Fonte: IBPT|
|0460|385479|NAO INCIDENCIA DE ICMS CONFORME ART 78 E 79 DO INCISO I LINHA E DO DECRETO 4.852/97. --  -- Total aproximado dos tributos R 960,37 31,45%, Fonte: IBPT|
|0460|385480|NAO INCIDENCIA DE ICMS CONFORME ART 78 E 79 DO INCISO I LINHA E DO DECRETO 4.852/97. --  -- Total aproximado dos tributos R 72,65 31,45%, Fonte: IBPT|
|0460|386235|PERMITE APROVEITAMENTO DE CREDITO ICMS NO VALOR DE R 14,01CORRESPONDENTE A ALIQUOTA DE 3,85 % NOS TERMOS DOS ART. 23 DA LC. 123.NOME FANTASIA: IPANEMA GRAFICA E EDITORA LTDAFORMA DE PAGAMENTO: BOLETO 15 DIASNOME DO VENDEDOR: CLEYTON  VALOR APROX.|
|0460|386246|Documento emitido por ME ou EPP optante pelo Simples Nacional. Nao gera direito a Credito Fiscal de ICMS conforme artigo 2 paragrafos primeiro e segundo da Resolucao do CGSN N. 10/2007.|
|0460|386247|DOCUMENTO EMITIDO POR ME OU EPP OPTANTE PELO SIMPLES NACIONAL NAO GERA DIREITO A CREDITO FISCAL DE IPI. PERMITE O APROVEITAMENTO DO CREDITO DE ICMS NO VALOR DE R 12.86 CORRESPONDENTE A ALIQUOTA DE 2,87 NOS TERMOS DO ART.23 DA LC 123/2006Vendedor : ALES|
|0460|386248|Numero DT: 2215177 REDUCAO DE 41,18% NA BASE DE CALCULO DE ICMS CORFORME ARTIGO 8 INC VIII ALINEA A DECRETO 4.852/97. Condicoes de Pagamento: 07 DDL BOLETO Produtos certificados FSC. FSC Misto 70%. RA-COC-001983-M Docs. Referencia: 6192215 / 6192215 / 8|
|0460|386288|S.V:000024 BOL CFTP0103: ALIQUOTA 0 ZERO DA CONTRIBUICAO PARA PIS E COFINS CONFORME ART.1 INCISO XXI DA LEI 10925/2004 ALTERADO PELO ART. 1 DA LEI 12839/2013. SAIDA INTERNA DE CAFE TORRADO OU MOIDO REDUCAO NA B.C. DO ICMS CONFORME INCISO XXXIII ART. 8 A|
|0460|386335|VENCIMENTO  09/05/2017|
|0460|386336|C/C BANCO DO BRASIL AG. 2863-0 C/C 60.049-0 PLASTIL COMERCIAL DE PLSTICOS LTDA|
|0460|384949|O.S 63871 --  -- Total aproximado dos tributos R 1.430,97 31,45%, Fonte: IBPT|
|0460|385481|NAO INCIDENCIA DE ICMS CONFORME ART 78 E 79 DO INCISO I LINHA E DO DECRETO 4.852/97.ENDERECO DE ENTREGA : AVENIDA AGUA SANTA - RIO VERDE - CEP: 75909-490 / HOTEL BLUEE . --  -- Total aproximado dos tributos R 5.852,85 31,45%, Fonte: IBPT|
|0460|385482|NAO INCIDENCIA DE ICMS CONFORME ART 78 E 79 DO INCISO I LINHA E DO DECRETO 4.852/97. -- Valor do Diferencial de Aliquota do ICMS 6,00% R 127,71 partilha: TO 60% R 76,63, GO 40% R 51,08 --  -- Total aproximado dos tributos R 669,41 31,45%, Fonte: IB|
|0460|386249|PERMITE APROVEITAMENTO DE CREDITO ICMS NO VALOR DE R 10,86CORRESPONDENTE A ALIQUOTA DE 3,85 % NOS TERMOS DOS ART. 23 DA LC. 123.NOME FANTASIA: IPANEMA GRAFICA E EDITORA LTDAFORMA DE PAGAMENTO: BOLETO 15 DIASNOME DO VENDEDOR: CLEYTON  VALOR APROX.|
|0460|386251|020-Base Calc. Reduz.Conf.Inciso VIII do Art.8 Anexo IX Decr 4852/97 RCTEMoeda : Cartao|
|0460|386305|60317PEDIDO 92057167 TRANSACAO 1977843 CARREGAMENTO 0 COBRANCA PEDIDO Cartao de Credito VALOR 195.30OBS OBS1VENDEDOR 92VIRLEY BATISTA DA CUNHA CST20 VL.TOTAL 195.3 BASE ICMS 114.89V. ICMS19.53 OBSERVACAO ENTREGA FUTURAPRESTACOES 1DESD20170412 000000.0195.|
|0460|386338|OC Cliente: SRA RAQUEL|
|0460|386485|EMPRESA ENQUADRADA NO SIMPLES NACIONAL CONFRME LEI COMPLEMENTAR N 123. PERMITE CREDITO DE  ICMS  DE 1,86%. R 75,64|
|0460|386250|Prazo: 28 CLI: 503 ** PED: 3184 VEND: MARQUINHOS Sist Emis /LS:LORENA ** EMPRESA OPTANTE SIMPLES NACIONAL, LEI COMPL. NR. 123 DE 14/12/2006. PERMITE O APROVEITAMENTO DO CREDITO DO ICMS NO VALOR DE R 51,34  CORRESPONDENTE A ALIQUOTA DE 1,86%, NOS TERMOS|
|0460|386252|BASE CALC.REDUZIDA EM 41,17% CONF.ART.8 INC.VIII ANEXO IX DO RCTE - NroCarga: 1583694 - NroPedido: 2584498 *Certificados: BV-COC - 175269 - PASSALACQUA amp CIA LTDA - SOMENTE PRODUTOS ASSINALADOS COMO FSC SAO CERTIFICADOS. *FSCCREDITO MISTO / **FSCMI|
|0460|386328|NO CONFIGURA FATO GERADOR DO IPI CONFORME ART 35 DO DECRETO 7.212/2010** ICMS 4% conf Resoluo do Senado Federal nr 13/12, conv.ICMS 123/12. Contedo de importao 100%.**  **  ** Numero de remessa 1759666705 ** Retira ** Vend email ** Gleici Araujo **|
|0460|386486|020-Base Calc. Reduz.Conf.Inciso VIII do Art.8 Anexo IX Decr 4852/97 RCTEMoeda : Dinheiro|
|0460|386626|numero de coleta 367763gtgtgt PI: - Vendedor: RCAValor aproximado total dos tributos IBPT R Federal 204,29 - Estadual 178,68 - Municipal 0,00 - 25.72%|
|0460|385483|NAO INCIDENCIA DE ICMS CONFORME ART 78 E 79 DO INCISO I LINHA E DO DECRETO 4.852/97. --  -- Total aproximado dos tributos R 3.931,25 31,45%, Fonte: IBPT|
|0460|385485|NAO INCIDENCIA DE ICMS CONFORME ART 78 E 79 DO INCISO I LINHA E DO DECRETO 4.852/97. --  -- Total aproximado dos tributos R 1.402,61 31,45%, Fonte: IBPT|
|0460|385486|Devolucao parcial referente a NF nr.9289955/1 de 03/04/2017 --  -- Total aproximado dos tributos R 8.571,85 33,52%, Fonte: IBPT|
|0460|385488|NAO INCIDENCIA DE ICMS CONFORME ART 78 E 79 DO INCISO I LINHA E DO DECRETO 4.852/97. --  -- Total aproximado dos tributos R 3.174,81 31,45%, Fonte: IBPT|
|0460|385490|NAO INCIDENCIA DE ICMS CONFORME ART 78 E 79 DO INCISO I LINHA E DO DECRETO 4.852/97. --  -- Total aproximado dos tributos R 288,41 31,45%, Fonte: IBPT|
|0460|385491|NAO INCIDENCIA DE ICMS CONFORME ART 78 E 79 DO INCISO I LINHA E DO DECRETO 4.852/97. --  -- Total aproximado dos tributos R 916,76 31,45%, Fonte: IBPT|
|0460|385493|NAO INCIDENCIA DE ICMS CONFORME ART 78 E 79 DO INCISO I LINHA E DO DECRETO 4.852/97.MATERIAL SERA RETIRADO PELA GRAFICA IPANEMA PALMAS , CNPJ: 11.591.201/0001-27 -- Valor do Diferencial de Aliquota do ICMS 6,00% R 140,21 partilha: TO 60% R 84,13, GO 40|
|0460|385494|Devolucao integral referente a NF nr.7699055/1 de 10/04/2017 --  -- Total aproximado dos tributos R 603,21 31,45%, Fonte: IBPT|
|0460|386306|PRODUTO USO NAO AUTOMOTIVO, DEVOLUCOES APENAS C/ AUTORIZACAO DO DEPTO COMERCIAL NO PRAZO DE ATE 30 DIAS.ICMS SUBSTITUICAO TRIBUTARIA NOS TERMOS DA CLAUSULA 2 , INCISO 5 PROTOCOLO ICMS 41/2008 DECRETO 7.339 E/OU PROTOCOLO 85/2011 DECRETO 7.528/2011... DEV|
|0460|386339|Func.: 258.  Pedido: 61294|
|0460|386369|ICMS 4% conf Resoluo do Senado Federal nr 13/12, conv.ICMS 123/12. Contedo de importao 100%.**  **  ** Numero de remessa 1759674643 ** Pick up ** Sr. Luciano ** Elder Machado **Descrio complementar: Valor aproximado dos impostos R 4272.98 ,e perce|
|0460|385495|NAO INCIDENCIA DE ICMS CONFORME ART 78 E 79 DO INCISO I LINHA E DO DECRETO 4.852/97. --  -- Total aproximado dos tributos R 6.035,26 31,45%, Fonte: IBPT|
|0460|385496|ISENTO DE ICMS CONFORME ARTIGO 6, INCISO 74, ANEXO 9, LEI 4.852/97. OBS.: VENDA DE SUCATA DE PAPEIS. --  -- Total aproximado dos tributos R 11,01 31,45%, Fonte: IBPT|
|0460|385497|NAO INCIDENCIA DE ICMS CONFORME ART 78 E 79 DO INCISO I LINHA E DO DECRETO 4.852/97. -- Valor do Diferencial de Aliquota do ICMS 6,00% R 59,70 partilha: TO 60% R 35,82, GO 40% R 23,88 --  -- Total aproximado dos tributos R 312,93 31,45%, Fonte: IBP|
|0460|385498|NAO INCIDENCIA DE ICMS CONFORME ART 78 E 79 DO INCISO I LINHA E DO DECRETO 4.852/97.MATERIAL SERA RETIRADO PELA GRAFICA IPANEMA PALMAS . --  -- Total aproximado dos tributos R 187,44 31,45%, Fonte: IBPT|
|0460|385499|NAO INCIDENCIA DE ICMS CONFORME ART 78 E 79 DO INCISO I LINHA E DO DECRETO 4.852/97. --  -- Total aproximado dos tributos R 263,93 31,45%, Fonte: IBPT|
|0460|385500|NAO INCIDENCIA DE ICMS CONFORME ART 78 E 79 DO INCISO I LINHA E DO DECRETO 4.852/97. --  -- Total aproximado dos tributos R 386,00 31,45%, Fonte: IBPT|
|0460|385501|NAO INCIDENCIA DE ICMS CONFORME ART 78 E 79 DO INCISO I LINHA E DO DECRETO 4.852/97. --  -- Total aproximado dos tributos R 783,09 31,45%, Fonte: IBPT|
|0460|386253|Numero DT: 2224620 NAO INCIDENCIA DE ICMS CONFORME ARTIGO 79o, INCISO I ALINEA D DO RICMS/ IPI - Imune conforme Art.18 inciso I do Dec. 7.212/10-RIPI Condicoes de Pagamento: 07 DDL BOLETO Produtos certificados FSC. FSC Misto 70%. RA-COC-001983-M Docs. R|
|0460|386254|Numero DT: 2225514 REDUCAO DE 41,18% NA BASE DE CALCULO DE ICMS CORFORME ARTIGO 8 INC VIII ALINEA A DECRETO 4.852/97. Condicoes de Pagamento: 07 DDL BOLETO Produtos certificados FSC. FSC Misto 70%. RA-COC-001983-M Docs. Referencia: 6200381 / 6200381 / 8|
|0460|386255|Prazo: 28 CLI: 503 ** PED: 3200 VEND: MARQUINHOS Sist Emis /LS:LORENA ** EMPRESA OPTANTE SIMPLES NACIONAL, LEI COMPL. NR. 123 DE 14/12/2006. PERMITE O APROVEITAMENTO DO CREDITO DO ICMS NO VALOR DE R 38,73  CORRESPONDENTE A ALIQUOTA DE 1,86%, NOS TERMOS|
|0460|386256|EMPRESA ENQUADRADA NO SIMPLES NACIONAL CONFORME LEI COMPLEMENTAR N 123. PERMITE CREDITO DE ICMS DE 1,86%. R 123,50.   CONTA PARA DEPSITO: BANCO DO BRASIL  AG 3888-1 CC 30.607-X - R  A DA SILVA PAPIS|
|0460|385502|NAO INCIDENCIA DE ICMS CONFORME ART 78 E 79 DO INCISO I LINHA E DO DECRETO 4.852/97. --  -- Total aproximado dos tributos R 85,09 31,45%, Fonte: IBPT|
|0460|385503|NAO INCIDENCIA DE ICMS CONFORME ART 78 E 79 DO INCISO I LINHA E DO DECRETO 4.852/97. --  -- Total aproximado dos tributos R 667,34 31,45%, Fonte: IBPT|
|0460|385504|NAO INCIDENCIA DE ICMS CONFORME ART 78 E 79 DO INCISO I LINHA E DO DECRETO 4.852/97. --  -- Total aproximado dos tributos R 152,36 31,45%, Fonte: IBPT|
|0460|385505|NAO INCIDENCIA DE ICMS CONFORME ART 78 E 79 DO INCISO I LINHA E DO DECRETO 4.852/97. --  -- Total aproximado dos tributos R 166,50 31,45%, Fonte: IBPT|
|0460|385506|NAO INCIDENCIA DE ICMS CONFORME ART 78 E 79 DO INCISO I LINHA E DO DECRETO 4.852/97. --  -- Total aproximado dos tributos R 706,28 31,45%, Fonte: IBPT|
|0460|385507|NAO INCIDENCIA DE ICMS CONFORME ART 78 E 79 DO INCISO I LINHA E DO DECRETO 4.852/97. --  -- Total aproximado dos tributos R 3.145,00 31,45%, Fonte: IBPT|
|0460|385508|NAO INCIDENCIA DE ICMS CONFORME ART 78 E 79 DO INCISO I LINHA E DO DECRETO 4.852/97. --  -- Total aproximado dos tributos R 880,60 31,45%, Fonte: IBPT|
|0460|385509|NAO INCIDENCIA DE ICMS CONFORME ART 78 E 79 DO INCISO I LINHA E DO DECRETO 4.852/97.  --  -- Total aproximado dos tributos R 487,48 31,45%, Fonte: IBPT|
|0460|385510|NAO INCIDENCIA DE ICMS CONFORME ART 78 E 79 DO INCISO I LINHA E DO DECRETO 4.852/97. --  -- Total aproximado dos tributos R 943,50 31,45%, Fonte: IBPT|
|0460|385511|NAO INCIDENCIA DE ICMS CONFORME ART 78 E 79 DO INCISO I LINHA E DO DECRETO 4.852/97. -- Valor do Diferencial de Aliquota do ICMS 6,00% R 39,00 partilha: BA 60% R 23,40, GO 40% R 15,60 --  -- Total aproximado dos tributos R 204,43 31,45%, Fonte: IBP|
|0460|385512|NAO INCIDENCIA DE ICMS CONFORME ART 78 E 79 DO INCISO I LINHA E DO DECRETO 4.852/97. -- Valor do Diferencial de Aliquota do ICMS 6,00% R 57,00 partilha: TO 60% R 34,20, GO 40% R 22,80 --  -- Total aproximado dos tributos R 298,77 31,45%, Fonte: IBP|
|0460|385513|NAO INCIDENCIA DE ICMS CONFORME ART 78 E 79 DO INCISO I LINHA E DO DECRETO 4.852/97.MATERIAL SERA RETIRADO PELA GRAFICA IPANEMA PALMAS , CNPJ: 11.591.201/0001-27 -- Valor do Diferencial de Aliquota do ICMS 6,00% R 120,00 partilha: TO 60% R 72,00, GO 40|
|0460|385514|NAO INCIDENCIA DE ICMS CONFORME ART 78 E 79 DO INCISO I LINHA E DO DECRETO 4.852/97.MATERIAL SERA RETIRADO PELA GRAFICA IPANEMA PALMAS, CNPJ: 11.591.201/0001-27 --  -- Total aproximado dos tributos R 86,49 31,45%, Fonte: IBPT|
|0460|385515|NAO INCIDENCIA DE ICMS CONFORME ART 78 E 79 DO INCISO I LINHA E DO DECRETO 4.852/97.MATERIAL SERA RETIRADO PELA GRAFICA IPANEMA PALMAS , CNPJ: 11.591.201/0001-27 -- Valor do Diferencial de Aliquota do ICMS 6,00% R 66,00 partilha: TO 60% R 39,60, GO 40%|
|0460|385516|NAO INCIDENCIA DE ICMS CONFORME ART 78 E 79 DO INCISO I LINHA E DO DECRETO 4.852/97. A/C EMERSON - TEL 62 99249-5436 --  -- Total aproximado dos tributos R 177,69 31,45%, Fonte: IBPT|
|0460|386258|BASE CALC.REDUZIDA EM 41,17% CONF.ART.8 INC.VIII ANEXO IX DO RCTE - NroCarga: 1587171 - NroPedido: 2589899 - Forma Pagto: BOLETO EMPRESA  - Rota: 22 - GOIANIA|
|0460|386259|Numero DT: 2227940 REDUCAO DE 41,18% NA BASE DE CALCULO DE ICMS CORFORME ARTIGO 8 INC VIII ALINEA A DECRETO 4.852/97. Condicoes de Pagamento: 07 DDL BOLETO Produtos certificados FSC. FSC Credito Misto. RA-COC-001983-M Docs. Referencia: 6203181 / 6203181|
|0460|386261|BASE CALC.REDUZIDA EM 41,17% CONF.ART.8 INC.VIII ANEXO IX DO RCTE - NroCarga: 1586308 - NroPedido: 2588426 *Certificados: BV-COC - 175269 - PASSALACQUA amp CIA LTDA - SOMENTE PRODUTOS ASSINALADOS COMO FSC SAO CERTIFICADOS. *FSCCREDITO MISTO / **FSCMI|
|0460|386262|Numero DT: 2226847 REDUCAO DE 41,18% NA BASE DE CALCULO DE ICMS CORFORME ARTIGO 8 INC VIII ALINEA A DECRETO 4.852/97. Condicoes de Pagamento: 07 DDL BOLETO Produtos certificados FSC. FSC Misto 70%. RA-COC-001983-M Docs. Referencia: 6201838 / 6201838 / 8|
|0460|386263|Trib aprox R 3,93 Federal, 15,93 Estadual e 0,00 MunicipalFonte: IBPT Ar5Fr7Reducao da base de calculo. Red. conforme artivo 8 inciso VIII , anexo IX do RCTEVendedor: 1 - AUTO ATENDIMENTO|
|0460|386341|Empresa Optante pelo Simples Trib aprox R: 258,14 Federal 196,80 Estadual Fonte: IBPT W7m9E1|
|0460|385517|NAO INCIDENCIA DE ICMS CONFORME ART 78 E 79 DO INCISO I LINHA E DO DECRETO 4.852/97. -- Valor do Diferencial de Aliquota do ICMS 6,00% R 204,00 partilha: TO 60% R 122,40, GO 40% R 81,60 --  -- Total aproximado dos tributos R 1.069,30 31,45%, Fonte:|
|0460|385518|NAO INCIDENCIA DE ICMS CONFORME ART 78 E 79 DO INCISO I LINHA E DO DECRETO 4.852/97. --  -- Total aproximado dos tributos R 220,15 31,45%, Fonte: IBPT|
|0460|385519|NAO INCIDENCIA DE ICMS CONFORME ART 78 E 79 DO INCISO I LINHA E DO DECRETO 4.852/97. -- Valor do Diferencial de Aliquota do ICMS 6,00% R 42,00 partilha: SP 60% R 25,20, GO 40% R 16,80 --  -- Total aproximado dos tributos R 220,15 31,45%, Fonte: IBP|
|0460|385520|NAO INCIDENCIA DE ICMS CONFORME ART 78 E 79 DO INCISO I LINHA E DO DECRETO 4.852/97. --  -- Total aproximado dos tributos R 220,15 31,45%, Fonte: IBPT|
|0460|385521|NAO INCIDENCIA DE ICMS CONFORME ART 78 E 79 DO INCISO I LINHA E DO DECRETO 4.852/97. -- Valor do Diferencial de Aliquota do ICMS 6,00% R 42,00 partilha: RS 60% R 25,20, GO 40% R 16,80 --  -- Total aproximado dos tributos R 220,15 31,45%, Fonte: IBP|
|0460|385522|NAO INCIDENCIA DE ICMS CONFORME ART 78 E 79 DO INCISO I LINHA E DO DECRETO 4.852/97. -- Valor do Diferencial de Aliquota do ICMS 5,00% R 7,00 partilha: SC 60% R 4,20, GO 40% R 2,80 --  -- Total aproximado dos tributos R 44,03 31,45%, Fonte: IBPT|
|0460|385523|NAO INCIDENCIA DE ICMS CONFORME ART 78 E 79 DO INCISO I LINHA E DO DECRETO 4.852/97. -- Valor do Diferencial de Aliquota do ICMS 5,00% R 7,00 partilha: ES 60% R 4,20, GO 40% R 2,80 --  -- Total aproximado dos tributos R 44,03 31,45%, Fonte: IBPT|
|0460|385525|NAO INCIDENCIA DE ICMS CONFORME ART 78 E 79 DO INCISO I LINHA E DO DECRETO 4.852/97.MATERIAL SERA RETIRADO PELA GRAFICA IPANEMA PALMAS , CNPJ: 11.591.201/0001-27 -- Valor do Diferencial de Aliquota do ICMS 6,00% R 225,00 partilha: TO 60% R 135,00, GO 4|
|0460|385526|NAO INCIDENCIA DE ICMS CONFORME ART 78 E 79 DO INCISO I LINHA E DO DECRETO 4.852/97. --  -- Total aproximado dos tributos R 6.975,61 31,45%, Fonte: IBPT|
|0460|385527|NAO INCIDENCIA DE ICMS CONFORME ART 78 E 79 DO INCISO I LINHA E DO DECRETO 4.852/97. --  -- Total aproximado dos tributos R 2.390,20 31,45%, Fonte: IBPT|
|0460|385528|NAO INCIDENCIA DE ICMS CONFORME ART 78 E 79 DO INCISO I LINHA E DO DECRETO 4.852/97. --  -- Total aproximado dos tributos R 1.743,90 31,45%, Fonte: IBPT|
|0460|386268|Reducao da base de calculo. Red. conforme artivo 8 inciso VIII , anexo IX do RCTEVendedor: 1 - AUTO ATENDIMENTO|
|0460|386290|DOCUMENTO EMITIDO POR ME OU EPP OPTANTE PELO SIMPLES NACIONAL E NAO GERA DIREITO A CREDITO FISCAL DE ISS E IPI PERMITE O APROVEITAMENTO DO CREDITO DE ICMS NO VALOR DE R 5.82 CORRESPONDENTE A ALIQUOTA DE 2.87 %, NOS TERMOS DO ART. 23 DA LC 123 - Valor ap|
|0460|386342|OC Cliente: SRA RAQUEL|
|0460|386345|Valor Aproximado dos Tributos: R 205.88 13.25%. Fonte: IBTP.|
|0460|385529|NAO INCIDENCIA DE ICMS CONFORME ART 78 E 79 DO INCISO I LINHA E DO DECRETO 4.852/97. --  -- Total aproximado dos tributos R 8.909,78 31,45%, Fonte: IBPT|
|0460|385530|NAO INCIDENCIA DE ICMS CONFORME ART 78 E 79 DO INCISO I LINHA E DO DECRETO 4.852/97. --  -- Total aproximado dos tributos R 83,60 31,45%, Fonte: IBPT|
|0460|385531|NAO INCIDENCIA DE ICMS CONFORME ART 78 E 79 DO INCISO I LINHA E DO DECRETO 4.852/97. -- Valor do Diferencial de Aliquota do ICMS 6,00% R 79,75 partilha: TO 60% R 47,85, GO 40% R 31,90 --  -- Total aproximado dos tributos R 418,02 31,45%, Fonte: IBP|
|0460|385532|NAO INCIDENCIA DE ICMS CONFORME ART 78 E 79 DO INCISO I LINHA E DO DECRETO 4.852/97. -- Valor do Diferencial de Aliquota do ICMS 6,00% R 152,64 partilha: PR 60% R 91,58, GO 40% R 61,06 --  -- Total aproximado dos tributos R 800,09 31,45%, Fonte: IB|
|0460|386267|BASE CALC.REDUZIDA EM 41,17% CONF.ART.8 INC.VIII ANEXO IX DO RCTE - NroCarga: 1588743 - NroPedido: 2592482 *Certificados: BV-COC - 175269 - PASSALACQUA amp CIA LTDA - SOMENTE PRODUTOS ASSINALADOS COMO FSC SAO CERTIFICADOS. *FSCCREDITO MISTO / **FSCMI|
|0460|386272|ICMS RETIDO NOS TERMOS DO ANEXO VIII DO RCTE. Cliente: 001794 BASE ICMS 67,50 - VALOR ICMS 11,48 PERMITE APROVEITAMENTO CREDITO ICMS NO VALOR R 2,07 CORRESPONDENTE ALIQ 3,07%, NOS TERMOS ART.23 LC.123/2006 Documento emitido por ME/EPP optante pelo Simp|
|0460|386340|ICMS 4% conf Resoluo do Senado Federal nr 13/12, conv.ICMS 123/12. Contedo de importao 100%.** TRIBUTADO COM ALIQUOTA ZERO CONFORME DECRETO 7.660/2011**  **  ** Numero de remessa 1759680803 ** Pick up ** Vend email ** Gleici Araujo **Descrio comple|
|0460|386346|Empresa Optante pelo Simples Trib aprox R: 92,87 Federal 70,80 Estadual Fonte: IBPT W7m9E1|
|0460|386347|Numero DT: 2227426 Controle de Portaria: 116659 Condicoes de Pagamento: 14 DDL Mercadoria saira da Julio Simoes Transportes e Servicos Ltda. Estrada Velha de Limeira, S/No Limeira - SP CEP: 13480-000 CNPJ:52.548.435/0106-46 I.E. 417.305.745.112 Merc. Segu|
|0460|386348|Numero DT: 2227426 Controle de Portaria: 116659 ICMS - Nao Incidencia conforme Art.7o Inciso XIII Dec.45490/00-RICMS/SP IPI - Imune conforme Art.18 inciso I do Dec. 7.212/10-RIPI Condicoes de Pagamento: 15/30/45 DDL Mercadoria saira da Julio Simoes Transp|
|0460|386349|Numero DT: 2227426 Controle de Portaria: 116659 Condicoes de Pagamento: 15/30/45 DDL Mercadoria saira da Julio Simoes Transportes e Servicos Ltda. Estrada Velha de Limeira, S/No Limeira - SP CEP: 13480-000 CNPJ:52.548.435/0106-46 I.E. 417.305.745.112 Merc|
|0460|386264|PERMITE APROVEITAMENTO DE CREDITO ICMS NO VALOR DE R 14,01CORRESPONDENTE A ALIQUOTA DE 3,85 % NOS TERMOS DOS ART. 23 DA LC. 123.NOME FANTASIA: IPANEMA GRAFICA E EDITORA LTDAFORMA DE PAGAMENTO: BOLETO 15 DIASNOME DO VENDEDOR: CLEYTON  VALOR APROX.|
|0460|386265|BASE CALC.REDUZIDA EM 41,17% CONF.ART.8 INC.VIII ANEXO IX DO RCTE - NroCarga: 1589511 - NroPedido: 2593446 *Certificados: BV-COC - 175269 - PASSALACQUA amp CIA LTDA - SOMENTE PRODUTOS ASSINALADOS COMO FSC SAO CERTIFICADOS. *FSCCREDITO MISTO / **FSCMI|
|0460|386343|NAO OCORR SUBST TRIBUT POR TRATAR PROD APLIC EXCLUS NA INDUSTRIA NAO OCORR SUBST TRIB DO ART 313Z13 RICMS POR NAO SER PROD PAPEL CELOFONE.NAO OCORR SUBST TRIB ART 313Y RICMS POR NAO SER PROD DE CONSTRUCAO CIVIL DA HIPOTESE VEDA ROSCA LONA PLASTICA FITAS I|
|0460|386344|Produtos com FSC na descricao, fabricados com madeira de florestas bem manejadas e outras fontes controladas. Certificado CU-COC-816810. Valor Aproximado dos Tributos: R 119.98 34.28%.|
|0460|385533|NAO INCIDENCIA DE ICMS CONFORME ART 78 E 79 DO INCISO I LINHA E DO DECRETO 4.852/97. --  -- Total aproximado dos tributos R 154,10 31,45%, Fonte: IBPT|
|0460|385535|NAO INCIDENCIA DE ICMS CONFORME ART 78 E 79 DO INCISO I LINHA E DO DECRETO 4.852/97. --  -- Total aproximado dos tributos R 146,56 31,45%, Fonte: IBPT|
|0460|385536|NAO INCIDENCIA DE ICMS CONFORME ART 78 E 79 DO INCISO I LINHA E DO DECRETO 4.852/97. --  -- Total aproximado dos tributos R 1.887,00 31,45%, Fonte: IBPT|
|0460|386269|Numero DT: 2239159 REDUCAO DE 41,18% NA BASE DE CALCULO DE ICMS CORFORME ARTIGO 8 INC VIII ALINEA A DECRETO 4.852/97. Condicoes de Pagamento: 07 DDL BOLETO Produtos certificados FSC. FSC Misto 70%. RA-COC-001983-M Docs. Referencia: 6210441 / 6210441 / 8|
|0460|386270|Numero DT: 2239159 REDUCAO DE 41,18% NA BASE DE CALCULO DE ICMS CORFORME ARTIGO 8 INC VIII ALINEA A DECRETO 4.852/97. Condicoes de Pagamento: 07 DDL BOLETO Produtos certificados FSC. FSC Misto 70%. RA-COC-001983-M Docs. Referencia: 6210410 / 6210410 / 8|
|0460|386271|Numero DT: 2238808 REDUCAO DE 41,18% NA BASE DE CALCULO DE ICMS CORFORME ARTIGO 8 INC VIII ALINEA A DECRETO 4.852/97. Condicoes de Pagamento: 07 DDL BOLETO Produtos certificados FSC. FSC Misto 70%. RA-COC-001983-M Docs. Referencia: 6209985 / 6209985 / 8|
|0460|386275|BASE CALC.REDUZIDA EM 41,17% CONF.ART.8 INC.VIII ANEXO IX DO RCTE - NroCarga: 1590910 - NroPedido: 2595924 *Certificados: BV-COC - 175269 - PASSALACQUA amp CIA LTDA - SOMENTE PRODUTOS ASSINALADOS COMO FSC SAO CERTIFICADOS. *FSCCREDITO MISTO / **FSCMI|
|0460|386276|BASE CALC.REDUZIDA EM 41,17% CONF.ART.8 INC.VIII ANEXO IX DO RCTE - NroCarga: 1589721 - NroPedido: 2594082 - Forma Pagto: BOLETO EMPRESA  - Rota: 22 - GOIANIA|
|0460|386278|BASE CALC.REDUZIDA EM 41,17% CONF.ART.8 INC.VIII ANEXO IX DO RCTE - NroCarga: 1590641 - NroPedido: 2595337 *Certificados: BV-COC - 175269 - PASSALACQUA amp CIA LTDA - SOMENTE PRODUTOS ASSINALADOS COMO FSC SAO CERTIFICADOS. *FSCCREDITO MISTO / **FSCMI|
|0460|386355|Valor Aproximado dos Tributos: R 61.62 18.25%. Fonte: IBTP.|
|0460|386357|PLACA FLM1171 MODELO: MASTER OS 12630 VENDEDOR ANA TRIB APROX R 210,82 FED R 3,23 MUN FONTE IBPT 5OI7EW OPTANTE SIMPLES NACIONAL ALIQUOTAS PRODUTOS 4% SERVICOS 5%|
|0460|385537|NAO INCIDENCIA DE ICMS CONFORME ART 78 E 79 DO INCISO I LINHA E DO DECRETO 4.852/97. --  -- Total aproximado dos tributos R 880,60 31,45%, Fonte: IBPT|
|0460|385538|NAO INCIDENCIA DE ICMS CONFORME ART 78 E 79 DO INCISO I LINHA E DO DECRETO 4.852/97. -- Valor do Diferencial de Aliquota do ICMS 5,00% R 224,00 partilha: CE 60% R 134,40, GO 40% R 89,60 --  -- Total aproximado dos tributos R 1.408,96 31,45%, Fonte:|
|0460|385539|NAO INCIDENCIA DE ICMS CONFORME ART 78 E 79 DO INCISO I LINHA E DO DECRETO 4.852/97. --  -- Total aproximado dos tributos R 2.220,37 31,45%, Fonte: IBPT|
|0460|385540|NAO INCIDENCIA DE ICMS CONFORME ART 78 E 79 DO INCISO I LINHA E DO DECRETO 4.852/97. --  -- Total aproximado dos tributos R 4.064,22 31,45%, Fonte: IBPT|
|0460|385541|NAO INCIDENCIA DE ICMS CONFORME ART 78 E 79 DO INCISO I LINHA E DO DECRETO 4.852/97.MATERIAL SERA RETIRADO PELA GRAFICA IPANEMA PLAMAS , CNPJ : 11.591.201/0001-27. --  -- Total aproximado dos tributos R 40,88 31,45%, Fonte: IBPT|
|0460|386273|Numero DT: 2239967 REDUCAO DE 41,18% NA BASE DE CALCULO DE ICMS CORFORME ARTIGO 8 INC VIII ALINEA A DECRETO 4.852/97. Condicoes de Pagamento: 07 DDL BOLETO Produtos certificados FSC. FSC Misto 70%. RA-COC-001983-M Docs. Referencia: 6210696 / 6210696 / 8|
|0460|386274|Numero DT: 2240959 REDUCAO DE 41,18% NA BASE DE CALCULO DE ICMS CORFORME ARTIGO 8 INC VIII ALINEA A DECRETO 4.852/97. Condicoes de Pagamento: 07 DDL BOLETO Produtos certificados FSC. FSC Misto 70%. RA-COC-001983-M Docs. Referencia: 6211195 / 6211195 / 8|
|0460|386277|Numero DT: 2240959 REDUCAO DE 41,18% NA BASE DE CALCULO DE ICMS CORFORME ARTIGO 8 INC VIII ALINEA A DECRETO 4.852/97. Condicoes de Pagamento: 07 DDL BOLETO Produtos certificados FSC. FSC Credito Misto. RA-COC-001983-M Docs. Referencia: 6211015 / 6211015|
|0460|386279|PERMITE APROVEITAMENTO DE CREDITO ICMS NO VALOR DE R 15,40CORRESPONDENTE A ALIQUOTA DE 3,85 % NOS TERMOS DOS ART. 23 DA LC. 123.NOME FANTASIA: IPANEMA GRAFICA E EDITORA LTDAFORMA DE PAGAMENTO: BOLETO 15 DIASNOME DO VENDEDOR: CLEYTON  VALOR APROX.|
|0460|386280|Numero DT: 2242672 REDUCAO DE 41,18% NA BASE DE CALCULO DE ICMS CORFORME ARTIGO 8 INC VIII ALINEA A DECRETO 4.852/97. Condicoes de Pagamento: 07 DDL BOLETO Produtos certificados FSC. FSC Misto 70%. RA-COC-001983-M Docs. Referencia: 6212651 / 6212651 / 8|
|0460|386292|NOTA FISCAL REFERENTE AO PEDIDO N. 5747PERMITE O APROVEITAMENTO DO CREDITO DE ICMS NO VALOR DE R 7,11 CORRESPONDENTE A ALIQUOTA DE 2,33%, NOS TERMOS DO ART. 23 DA LC 123/2006|
|0460|386310|N.PEDIDO: 32973390 VENDEDOR: 000008 JOSE RENATO ALVES DA SILVA|
|0460|386350|ENTREGA R 6, SN, QD 23 MOD 2 ESQ R 19, POLO EMPRESARIAL, APARECIDA DE GOIANIA, GO, CNPJ: 03847530000168, IE: 101763743,, 16:37:44  Cliente-00213534 Pedido-05940338 O.C.:ADIAUTO05899989  PAGAR ATRAVES DO BOLETO BANCARIO. Valor dos Tributos Federais: 57,52|
|0460|386351|Controle de Portaria: 124540 Numero DT: 2243052 ITENS PAPEL COM BASE DE CALC RED A 83,33% CONFORME ARTIGO 7o, CADERNO II, ANEXO I, ITEM 15 e 15.1 DO DECRETO 18955/97 DO RICMS/DF Condicoes de Pagamento: 07 DDL BOLETO Produtos certificados FSC. FSC Misto|
|0460|386352|PEDIDO: 4268771 PESO TOTAL: 434,110 VENDEDOR: 431 NUMERO INTERNO: 4945748 COD TRANSP: 7597-4 RECEBE ATE: 18:00 COD CLIENTE:   59253-1 EXPEDICAO RETIRA *RECEBIMENTO: HORARIO COMERCIAL  * * POSTO FISCAL DA CAPITAL 10 - SE *PRODUTOS COM FSC NA DESCRICAO, SAO|
|0460|386353|Controle de Portaria: 122758 Numero DT: 2239296 Condicoes de Pagamento: 15/30/45 DDL BOLETO * Produtos certificados FSC. FSC Credito Misto. RA-COC-001983-C ** Produtos certificados FSC. FSC Misto 70%. RA-COC-001983-C Docs. Referencia: 6207456 / 6207456|
|0460|386365|ICMS 4% conf Resoluo do Senado Federal nr 13/12, conv.ICMS 123/12. Contedo de importao 100%.** TRIBUTADO COM ALIQUOTA ZERO CONFORME DECRETO 7.660/2011**  **  ** Numero de remessa 1759691832 ** Pick up ** midwest/ wesley/ Luciano ** Marcelo Paula ** V|
|0460|386367|ICMS 4% conf Resoluo do Senado Federal nr 13/12, conv.ICMS 123/12. Contedo de importao 100%.** TRIBUTADO COM ALIQUOTA ZERO CONFORME DECRETO 7.660/2011**  **  ** Numero de remessa 1759691832 ** Pick up ** midwest/ wesley/ Luciano ** Marcelo Paula ** V|
|0460|386313|PROCON --- PGTO: 303345801- 1174,00-30/05-.......... CARO CONSUMIDOR, Ao levar seus pneus velhos/usados ora substituidos por novos, manifestando sua intencao de nao descarta-los neste estabelecimento, fique ciente que a responsabilidade do descarte ambi|
|0460|000000|,|
|0990|473|
|C001|0|
|C100|1|0|20960|55|00|001|8780|52170403847530000168550010000087801000315171|03042017|03042017|3237,00|1|0,00|0,00|3237,00|2|0,00|0,00|0,00|0,00|0,00|0,00|0,00|0,00|0,00|0,00|0,00|0,00|
|C190|090|6949|0,00|3237,00|0,00|0,00|0,00|0,00|0,00|0,00|385433|
|C195|385433|NAO INCIDENCIA DE ICMS CONFORME ART 78 E 79 DO INCISO I LINHA E DO DECRETO 4.852/97. -- Valor do Diferencial de Aliquota do ICMS 6,00% R 194,22 partilha: TO 60% R 116,53, GO 40% R 77,69 --  -- Total aproximado dos tributos R 1.018,04 31,45%, Fonte:|
|C100|1|0|10762|55|00|001|8781|52170403847530000168550010000087811000316175|03042017|03042017|4155,20|1|0,00|0,00|4155,20|9|0,00|0,00|0,00|0,00|0,00|0,00|0,00|0,00|0,00|0,00|0,00|0,00|
|C190|090|5949|0,00|4155,20|0,00|0,00|0,00|0,00|0,00|0,00|385434|
|C195|385434|NAO INCIDENCIA DE ICMS CONFORME ART 78 E 79 DO INCISO I LINHA E DO DECRETO 4.852/97. --  -- Total aproximado dos tributos R 1.306,81 31,45%, Fonte: IBPT|
|C100|0|1|9140|55|00|01|5860|52170308833461000157550010000058601004640320|31032017|03042017|625,00|1|24,50|0,00|649,50|2|0,00|0,00|0,00|0,00|0,00|0,00|0,00|0,00|0,00|0,00|0,00|0,00|
|C170|1|000000180966||25,000|KG|649,50|24,50|0|090|1101||0,00|0,00|0,00|0,00|0,00|0,00|||||||74|||||0,00|74|||||0,00||
|C190|090|1101|0,00|625,00|0,00|0,00|0,00|0,00|0,00|0,00|386228|
|C195|386228|Obs.:  - Vendedor.: CARLOS - Trib. aprox.: Federal : 200,56 - Estadual  : 0,00 - Municipal : 0,00 Fonte: IBPT ca7gi3 - *** - DOCUMENTO EMITIDO POR ME OU EPP OPTANTE PELO SIMPLES NACIONAL. NAO GERA DIREITO A CREDITO FISCAL DE ICMS, DE ISS E DE IPI - DOCUME|
|C100|0|1|112|55|00|01|36781|52170316404287029994550010000367811917304594|31032017|03042017|1037,58|1|0,00|0,00|988,17|2|0,00|0,00|0,00|0,00|0,00|0,00|0,00|49,41|0,00|0,00|0,00|0,00|
|C170|1|000000056477||10,000|PCT|988,17|0,00|0|090|1101||0,00|0,00|0,00|0,00|0,00|0,00||00||988,17|5,00|49,41|74|||||0,00|74|||||0,00||
|C190|090|1101|0,00|1037,58|0,00|0,00|0,00|0,00|0,00|49,41|386230|
|C195|386230|Numero DT: 2195590 REDUCAO DE 41,18% NA BASE DE CALCULO DE ICMS CORFORME ARTIGO 8 INC VIII ALINEA A DECRETO 4.852/97. Condicoes de Pagamento: 07 DDL BOLETO Produtos certificados FSC. FSC Misto 70%. RA-COC-001983-M Docs. Referencia: 6182642 / 6182642 / 8|
|C100|0|1|13850|55|00|01|2806|52170220442038000121550010000028061000028061|16022017|03042017|2082,00|1|0,00|0,00|2082,00|2|0,00|0,00|0,00|0,00|0,00|0,00|0,00|0,00|0,00|0,00|0,00|0,00|
|C170|1|000000044456||60,000|PT|2082,00|0,00|0|090|1101||0,00|0,00|0,00|0,00|0,00|0,00|||||||74|||||0,00|74|||||0,00||
|C190|090|1101|0,00|2082,00|0,00|0,00|0,00|0,00|0,00|0,00|386257|
|C195|386257|Prazo: 28 CLI: 503 ** PED: 2896 VEND: MARQUINHOS Sist Emis /LS:LORENA ** EMPRESA OPTANTE SIMPLES NACIONAL, LEI COMPL. NR. 123 DE 14/12/2006. PERMITE O APROVEITAMENTO DO CREDITO DO ICMS NO VALOR DE R 38,73  CORRESPONDENTE A ALIQUOTA DE 1,86%, NOS TERMOS|
|C100|0|1|222|55|00|01|29929|35170302947632000192550010000299291007117447|29032017|03042017|342,26|1|0,00|0,00|325,96|2|0,00|0,00|0,00|0,00|0,00|0,00|0,00|16,30|0,00|0,00|0,00|0,00|
|C170|1|000000181022||2,000|PC|325,96|0,00|0|190|2949||0,00|0,00|0,00|0,00|0,00|0,00||00||325,96|5,00|16,30|74|||||0,00|74|||||0,00||
|C190|190|2949|0,00|342,26|0,00|0,00|0,00|0,00|0,00|16,30|386361|
|C195|386361|Valor Aproximado dos Tributos: R 62.46 18.25%. Fonte: IBTP.|
|C100|0|1|8283|55|00|01|92744|35170302531128000107550010000927441568272398|31032017|03042017|53736,00|1|0,00|0,00|53736,00|2|0,00|0,00|0,00|0,00|0,00|0,00|0,00|0,00|0,00|0,00|0,00|0,00|
|C170|1|000000181036||1,000|PC|6980,83|0,00|0|690|2949||0,00|0,00|0,00|0,00|0,00|0,00||03||0,00|0,00|0,00|74|||||0,00|74|||||0,00||
|C170|2|000000181035||1,000|PC|8609,27|0,00|0|690|2949||0,00|0,00|0,00|0,00|0,00|0,00||03||0,00|0,00|0,00|74|||||0,00|74|||||0,00||
|C170|3|000000181034||1,000|PC|3433,63|0,00|0|690|2949||0,00|0,00|0,00|0,00|0,00|0,00||03||0,00|0,00|0,00|74|||||0,00|74|||||0,00||
|C170|4|000000181034||1,000|PC|3433,62|0,00|0|690|2949||0,00|0,00|0,00|0,00|0,00|0,00||03||0,00|0,00|0,00|74|||||0,00|74|||||0,00||
|C170|5|000000181033||1,000|PC|8182,58|0,00|0|690|2949||0,00|0,00|0,00|0,00|0,00|0,00||03||0,00|0,00|0,00|74|||||0,00|74|||||0,00||
|C170|6|000000181032||1,000|PC|23096,07|0,00|0|690|2949||0,00|0,00|0,00|0,00|0,00|0,00||03||0,00|0,00|0,00|74|||||0,00|74|||||0,00||
|C190|690|2949|0,00|53736,00|0,00|0,00|0,00|0,00|0,00|0,00|386370|
|C195|386370|Base de calculo e aliquota reduz. cfe.Decreto 61791 de 11/01/2016** NO CONFIGURA FATO GERADOR DO IPI CONFORME ART 35 DO DECRETO 7.212/2010**  **  ** Numero de remessa 1253097809 ** ES Equipment ** PP02617 ** Nadja Barteczko **Descrio complementar:**Ser|
|C100|1|0|13206|55|00|001|8782|52170403847530000168550010000087821000317179|04042017|04042017|1741,00|1|0,00|0,00|1741,00|1|0,00|0,00|0,00|0,00|0,00|0,00|0,00|0,00|0,00|0,00|0,00|0,00|
|C190|090|6949|0,00|1741,00|0,00|0,00|0,00|0,00|0,00|0,00|385435|
|C195|385435|NAO INCIDENCIA DE ICMS CONFORME ART 78 E 79 DO INCISO I LINHA E DO DECRETO 4.852/97.MATERIAL SERA RETIRADO PELA GRAFICA IPANEMA PALMAS , CNPJ: 11.591.201/0001-27. -- Valor do Diferencial de Aliquota do ICMS 6,00% R 104,46 partilha: TO 60% R 62,67, GO 4|
|C100|1|0|117|55|00|001|8783|52170403847530000168550010000087831000318172|04042017|04042017|1660,75|1|0,00|0,00|1660,75|1|0,00|0,00|0,00|0,00|0,00|0,00|0,00|0,00|0,00|0,00|0,00|0,00|
|C190|090|5949|0,00|1660,75|0,00|0,00|0,00|0,00|0,00|0,00|385436|
|C195|385436|NAO INCIDENCIA DE ICMS CONFORME ART 78 E 79 DO INCISO I LINHA E DO DECRETO 4.852/97. --  -- Total aproximado dos tributos R 522,31 31,45%, Fonte: IBPT|
|C100|1|0|128|55|00|001|8784|52170403847530000168550010000087841000319176|04042017|04042017|401,50|1|0,00|0,00|401,50|1|0,00|0,00|0,00|0,00|0,00|0,00|0,00|0,00|0,00|0,00|0,00|0,00|
|C190|090|6949|0,00|401,50|0,00|0,00|0,00|0,00|0,00|0,00|385437|
|C195|385437|NAO INCIDENCIA DE ICMS CONFORME ART 78 E 79 DO INCISO I LINHA E DO DECRETO 4.852/97. --  -- Total aproximado dos tributos R 126,27 31,45%, Fonte: IBPT|
|C100|1|0|17040|55|00|001|8785|52170403847530000168550010000087851000320171|04042017|04042017|127,75|1|0,00|0,00|127,75|9|0,00|0,00|0,00|0,00|0,00|0,00|0,00|0,00|0,00|0,00|0,00|0,00|
|C190|090|6949|0,00|127,75|0,00|0,00|0,00|0,00|0,00|0,00|385438|
|C195|385438|NAO INCIDENCIA DE ICMS CONFORME ART 78 E 79 DO INCISO I LINHA E DO DECRETO 4.852/97. --  -- Total aproximado dos tributos R 40,18 31,45%, Fonte: IBPT|
|C100|1|0||55|02|1|8786|52170403847530000168550010000087861000321175|||||||||||||||||||||
|C100|1|0||55|02|1|8787|52170403847530000168550010000087871000322179|||||||||||||||||||||
|C100|1|0||55|02|1|8788|52170403847530000168550010000087881000323172|||||||||||||||||||||
|C100|0|1|4887|55|00|000|82816|52170455973366001534550000000828161687775315|03042017|04042017|202,96|1|0,00|0,00|176,49|1|0,00|0,00|0,00|0,00|0,00|0,00|0,00|26,47|0,00|0,00|0,00|0,00|
|C170|1|000000180555||3,000|PC1|176,49|0,00|0|090|1101||0,00|0,00|0,00|0,00|0,00|0,00||00||176,49|15,00|26,47|74|||||0,00|74|||||0,00||
|C190|090|1101|0,00|202,96|0,00|0,00|0,00|0,00|0,00|26,47|386229|
|C195|386229|BASE CALC.REDUZIDA EM 41,17% CONF.ART.8 INC.VIII ANEXO IX DO RCTE - NroCarga: 1575735 - NroPedido: 2571610 - Forma Pagto: BOLETO EMPRESA  - Rota: 22 - GOIANIA|
|C100|0|1|14417|55|00|01|13706|52170305608441000194550010000137061000137060|31032017|04042017|3315,32|0|0,00|0,00|3315,32|1|0,00|0,00|0,00|0,00|0,00|0,00|0,00|0,00|0,00|0,00|0,00|0,00|
|C170|1|000000051268||131,931|LT|497,38|0,00|0|060|1653||0,00|0,00|0,00|0,00|0,00|0,00|||||||74|||||0,00|74|||||0,00||
|C170|2|000000051268||219,409|LT|864,47|0,00|0|060|1653||0,00|0,00|0,00|0,00|0,00|0,00|||||||74|||||0,00|74|||||0,00||
|C170|3|000000051268||179,899|LT|642,24|0,00|0|060|1653||0,00|0,00|0,00|0,00|0,00|0,00|||||||74|||||0,00|74|||||0,00||
|C170|4|000000051268||56,528|LT|195,02|0,00|0|060|1653||0,00|0,00|0,00|0,00|0,00|0,00|||||||74|||||0,00|74|||||0,00||
|C170|5|000000051267||357,280|LT|1107,21|0,00|0|060|1653||0,00|0,00|0,00|0,00|0,00|0,00|||||||74|||||0,00|74|||||0,00||
|C170|6|000000062792||1,000|LT|9,00|0,00|0|060|1653||0,00|0,00|0,00|0,00|0,00|0,00|||||||74|||||0,00|74|||||0,00||
|C190|060|1653|0,00|3315,32|0,00|0,00|0,00|0,00|0,00|0,00||
|C100|1|0|222|55|00|001|8789|52170403847530000168550010000087891000324176|05042017|05042017|342,26|1|0,00|0,00|325,96|1|0,00|0,00|0,00|325,96|13,69|0,00|0,00|16,30|0,00|0,00|0,00|0,00|
|C190|000|6949|4,00|342,26|325,96|13,69|0,00|0,00|0,00|16,30|385442|
|C195|385442|Devolucao integral referente a NF nr.2992955/1 de 29/03/2017 --  -- Total aproximado dos tributos R 108,94 31,83%, Fonte: IBPT|
|C100|1|0|10762|55|00|001|8790|52170403847530000168550010000087901000325173|05042017|05042017|2229,03|1|0,00|0,00|2229,03|9|0,00|0,00|0,00|0,00|0,00|0,00|0,00|0,00|0,00|0,00|0,00|0,00|
|C190|090|5949|0,00|2229,03|0,00|0,00|0,00|0,00|0,00|0,00|385443|
|C195|385443|NAO INCIDENCIA DE ICMS CONFORME ART 78 E 79 DO INCISO I LINHA E DO DECRETO 4.852/97. --  -- Total aproximado dos tributos R 701,03 31,45%, Fonte: IBPT|
|C100|1|0|16530|55|00|001|8791|52170403847530000168550010000087911000326177|05042017|05042017|100,00|1|0,00|0,00|100,00|1|0,00|0,00|0,00|0,00|0,00|0,00|0,00|0,00|0,00|0,00|0,00|0,00|
|C190|090|6949|0,00|100,00|0,00|0,00|0,00|0,00|0,00|0,00|385444|
|C195|385444|NAO INCIDENCIA DE ICMS CONFORME ART 78 E 79 DO INCISO I LINHA E DO DECRETO 4.852/97.MATERIAL SERA RETIRADO PELA GRAFICA IPANEMA PALMAS, CNPJ: 11.591.201/0001-27 --  -- Total aproximado dos tributos R 31,45 31,45%, Fonte: IBPT|
|C100|1|0|15502|55|00|001|8792|52170403847530000168550010000087921000327170|05042017|05042017|40,00|1|0,00|0,00|40,00|9|0,00|0,00|0,00|0,00|0,00|0,00|0,00|0,00|0,00|0,00|0,00|0,00|
|C190|090|5949|0,00|40,00|0,00|0,00|0,00|0,00|0,00|0,00|385445|
|C195|385445|ISENTO DE ICMS CONFORME ARTIGO 6, INCISO 74, ANEXO 9, LEI 4.852/97. OBS.: VENDA DE SUCATA DE PAPEIS. --  -- Total aproximado dos tributos R 12,58 31,45%, Fonte: IBPT|
|C100|1|0|20961|55|00|001|8793|52170403847530000168550010000087931000328174|05042017|05042017|20,00|1|0,00|0,00|20,00|1|0,00|0,00|0,00|0,00|0,00|0,00|0,00|0,00|0,00|0,00|0,00|0,00|
|C190|090|5949|0,00|20,00|0,00|0,00|0,00|0,00|0,00|0,00|385446|
|C195|385446|NAO INCIDENCIA DE ICMS CONFORME ART 78 E 79 DO INCISO I LINHA E DO DECRETO 4.852/97. --  -- Total aproximado dos tributos R 6,29 31,45%, Fonte: IBPT|
|C100|0|1|4887|55|00|000|82882|52170455973366001534550000000828821701650559|03042017|05042017|89,48|1|0,00|0,00|89,48|1|0,00|0,00|0,00|0,00|0,00|0,00|0,00|0,00|0,00|0,00|0,00|0,00|
|C170|1|000000178254||1,000|PC1|89,48|0,00|0|090|1101||0,00|0,00|0,00|0,00|0,00|0,00|||||||74|||||0,00|74|||||0,00||
|C190|090|1101|0,00|89,48|0,00|0,00|0,00|0,00|0,00|0,00|386231|
|C195|386231|BASE CALC.REDUZIDA EM 41,17% CONF.ART.8 INC.VIII ANEXO IX DO RCTE - NroCarga: 1576173 - NroPedido: 2572488 - Forma Pagto: BOLETO EMPRESA  - Rota: 22 - GOIANIA|
|C100|0|1|153|55|00|01|92130|52170403564438000190550010000921301000921305|04042017|05042017|179,85|1|0,00|0,00|179,85|2|0,00|0,00|0,00|0,00|0,00|0,00|0,00|0,00|0,00|0,00|0,00|0,00|
|C170|1|000000180967||15,000|FL|179,85|0,00|0|090|1101||0,00|0,00|0,00|0,00|0,00|0,00||01||179,85|0,00|0,00|74|||||0,00|74|||||0,00||
|C190|090|1101|0,00|179,85|0,00|0,00|0,00|0,00|0,00|0,00|386232|
|C195|386232|020-Base Calc. Reduz.Conf.Inciso VIII do Art.8 Anexo IX Decr 4852/97 RCTEMoeda : Duplicata|
|C100|0|1|112|55|00|01|36844|52170416404287029994550010000368441316296169|04042017|05042017|279,31|1|0,00|0,00|266,01|2|0,00|0,00|0,00|0,00|0,00|0,00|0,00|13,30|0,00|0,00|0,00|0,00|
|C170|1|000000049348||3,000|PCT|266,01|0,00|0|590|1101||0,00|0,00|0,00|0,00|0,00|0,00||00||266,01|5,00|13,30|74|||||0,00|74|||||0,00||
|C190|590|1101|0,00|279,31|0,00|0,00|0,00|0,00|0,00|13,30|386233|
|C195|386233|Numero DT: 2200893 REDUCAO DE 41,18% NA BASE DE CALCULO DE ICMS CORFORME ARTIGO 8 INC VIII ALINEA A DECRETO 4.852/97. Condicoes de Pagamento: 07 DDL BOLETO Produtos certificados FSC. FSC Misto 70%. RA-COC-001983-M Docs. Referencia: 6185885 / 6185885 / 8|
|C100|0|1|21014|55|00|01|7047|35170410586209000132550010000070471000335321|04042017|05042017|2631,50|0|0,00|0,00|2541,50|2|90,00|0,00|0,00|0,00|0,00|0,00|0,00|0,00|0,00|0,00|0,00|0,00|
|C170|1|000000181039||850,000|PC|2541,50|0,00|0|090|2101||0,00|0,00|0,00|0,00|0,00|0,00||03||0,00|0,00|0,00|74|||||0,00|74|||||0,00||
|C190|090|2101|0,00|2631,50|0,00|0,00|0,00|0,00|0,00|0,00|386625|
|C195|386625|DEP. ITAU|
|C100|1|0|4815|55|00|001|8794|52170403847530000168550010000087941000329178|06042017|06042017|5000,00|1|0,00|0,00|5000,00|9|0,00|0,00|0,00|0,00|0,00|0,00|0,00|0,00|0,00|0,00|0,00|0,00|
|C190|090|6949|0,00|5000,00|0,00|0,00|0,00|0,00|0,00|0,00|385447|
|C195|385447|NAO INCIDENCIA DE ICMS CONFORME ART 78 E 79 DO INCISO I LINHA E DO DECRETO 4.852/97. --  -- Total aproximado dos tributos R 1.572,50 31,45%, Fonte: IBPT|
|C100|1|0|20401|55|00|001|8795|52170403847530000168550010000087951000330173|06042017|06042017|762,00|1|0,00|0,00|762,00|1|0,00|0,00|0,00|0,00|0,00|0,00|0,00|0,00|0,00|0,00|0,00|0,00|
|C190|090|6949|0,00|762,00|0,00|0,00|0,00|0,00|0,00|0,00|385448|
|C195|385448|NAO INCIDENCIA DE ICMS CONFORME ART 78 E 79 DO INCISO I LINHA E DO DECRETO 4.852/97. -- Valor do Diferencial de Aliquota do ICMS 6,00% R 45,72 partilha: TO 60% R 27,43, GO 40% R 18,29 --  -- Total aproximado dos tributos R 239,65 31,45%, Fonte: IBP|
|C100|0|1|4887|55|00|000|83040|52170455973366001534550000000830401016625820|05042017|06042017|512,86|1|0,00|0,00|512,86|1|0,00|0,00|0,00|0,00|0,00|0,00|0,00|0,00|0,00|0,00|0,00|0,00|
|C170|1|000000180969||2,000|PC125|512,86|0,00|0|090|1101||0,00|0,00|0,00|0,00|0,00|0,00|||||||74|||||0,00|74|||||0,00||
|C190|090|1101|0,00|512,86|0,00|0,00|0,00|0,00|0,00|0,00|386236|
|C195|386236|BASE CALC.REDUZIDA EM 41,17% CONF.ART.8 INC.VIII ANEXO IX DO RCTE - NroCarga: 1577933 - NroPedido: 2575341 *Certificados: BV-COC - 175269 - PASSALACQUA amp CIA LTDA - SOMENTE PRODUTOS ASSINALADOS COMO FSC SAO CERTIFICADOS. *FSCCREDITO MISTO / **FSCMI|
|C100|0|1|153|55|00|01|92189|52170403564438000190550010000921891000921892|05042017|06042017|629,96|1|0,00|0,00|629,96|1|0,00|0,00|0,00|0,00|0,00|0,00|0,00|0,00|0,00|0,00|0,00|0,00|
|C170|1|000000180970||2,000|PC|629,96|0,00|0|090|1101||0,00|0,00|0,00|0,00|0,00|0,00||01||629,96|0,00|0,00|74|||||0,00|74|||||0,00||
|C190|090|1101|0,00|629,96|0,00|0,00|0,00|0,00|0,00|0,00|386237|
|C195|386237|020-Base Calc. Reduz.Conf.Inciso VIII do Art.8 Anexo IX Decr 4852/97 RCTEMoeda : Duplicata|
|C100|0|1|4887|55|00|000|83013|52170455973366001534550000000830131618166037|05042017|06042017|297,55|1|0,00|0,00|283,38|1|0,00|0,00|0,00|0,00|0,00|0,00|0,00|14,17|0,00|0,00|0,00|0,00|
|C170|1|000000062772||3,000|PC1|283,38|0,00|0|190|1101||0,00|0,00|0,00|0,00|0,00|0,00||00||283,38|5,00|14,17|74|||||0,00|74|||||0,00||
|C190|190|1101|0,00|297,55|0,00|0,00|0,00|0,00|0,00|14,17|386238|
|C195|386238|BASE CALC.REDUZIDA EM 41,17% CONF.ART.8 INC.VIII ANEXO IX DO RCTE - NroCarga: 1577646 - NroPedido: 2574805 - Forma Pagto: BOLETO EMPRESA  - Rota: 22 - GOIANIA|
|C100|0|1|1183|55|00|01|46218|52170400041384000190550010000462181000462182|04042017|06042017|252,00|2|13,50|0,00|265,50|2|0,00|0,00|0,00|0,00|0,00|0,00|0,00|0,00|0,00|0,00|0,00|0,00|
|C170|1|000000180968||3,000|PC|265,50|13,50|0|090|1101||0,00|0,00|0,00|0,00|0,00|0,00||00||252,00|0,00|0,00|74|||||0,00|74|||||0,00||
|C190|090|1101|0,00|252,00|0,00|0,00|0,00|0,00|0,00|0,00|386241|
|C195|386241|PERMITE APROVEITAMENTO DE CREDITO ICMS NO VALOR DE R 9,70CORRESPONDENTE A ALIQUOTA DE 3,85 % NOS TERMOS DOS ART. 23 DA LC. 123.NOME FANTASIA: IPANEMA GRAFICA E EDITORA LTDAFORMA DE PAGAMENTO: BOLETO 15 DIASNOME DO VENDEDOR: CLEYTON  VALOR APROX. T|
|C100|0|1|21004|55|00|01|273|52170423486117000122550010000002731000015327|04042017|06042017|420,00|1|22,50|0,00|442,50|2|0,00|0,00|0,00|0,00|0,00|0,00|0,00|0,00|0,00|0,00|0,00|0,00|
|C170|1|000000180972||5,000|FD|442,50|22,50|0|090|1101||0,00|0,00|0,00|0,00|0,00|0,00|||||||74|||||0,00|74|||||0,00||
|C190|090|1101|0,00|420,00|0,00|0,00|0,00|0,00|0,00|0,00|386242|
|C195|386242|Nome: IPANEMA GRAFICA E EDITORA LTDA.DOCUMENTO EMITIDO POR ME OU EPP OPTANTE PELO SIMPLES NACIONAL. NAO TERA DIREITO A CREDITO FISCAL DE, ISS E IPIPermite aproveitamento do cred. de ICMS no valor 10,75. Correspondente a Aliq. de 2,56 %, nos termos do ar|
|C100|0|1|1183|55|00|01|46220|52170400041384000190550010000462201000462202|05042017|06042017|109,00|2|6,20|0,00|115,20|2|0,00|0,00|0,00|0,00|0,00|0,00|0,00|0,00|0,00|0,00|0,00|0,00|
|C170|1|000000060008||15,000|KG|115,20|6,20|0|090|1556||0,00|0,00|0,00|0,00|0,00|0,00||00||109,00|0,00|0,00|74|||||0,00|74|||||0,00||
|C190|090|1556|0,00|109,00|0,00|0,00|0,00|0,00|0,00|0,00|386285|
|C195|386285|PERMITE APROVEITAMENTO DE CREDITO ICMS NO VALOR DE R 4,20CORRESPONDENTE A ALIQUOTA DE 3,85 % NOS TERMOS DOS ART. 23 DA LC. 123.NOME FANTASIA: IPANEMA GRAFICA E EDITORA LTDAFORMA DE PAGAMENTO: BOLETO 15 DIASNOME DO VENDEDOR: CLEYTON  VALOR APROX. T|
|C100|1|0|7024|55|00|001|8796|52170403847530000168550010000087961000331177|07042017|07042017|1835,10|1|0,00|0,00|1835,10|1|0,00|0,00|0,00|0,00|0,00|0,00|0,00|0,00|0,00|0,00|0,00|0,00|
|C190|090|6949|0,00|1835,10|0,00|0,00|0,00|0,00|0,00|0,00|385449|
|C195|385449|NAO INCIDENCIA DE ICMS CONFORME ART 78 E 79 DO INCISO I LINHA E DO DECRETO 4.852/97. -- Valor do Diferencial de Aliquota do ICMS 6,00% R 110,11 partilha: TO 60% R 66,06, GO 40% R 44,05 --  -- Total aproximado dos tributos R 577,14 31,45%, Fonte: IB|
|C100|1|0|20817|55|00|001|8797|52170403847530000168550010000087971000332170|07042017|07042017|325,00|1|0,00|0,00|325,00|1|0,00|0,00|0,00|0,00|0,00|0,00|0,00|0,00|0,00|0,00|0,00|0,00|
|C190|090|6949|0,00|325,00|0,00|0,00|0,00|0,00|0,00|0,00|385450|
|C195|385450|NAO INCIDENCIA DE ICMS CONFORME ART 78 E 79 DO INCISO I LINHA E DO DECRETO 4.852/97.MATERIAL SERA RETIRADO PELA GRAFICA IPANEMA PALMAS , CNPJ: 11.591.201/0001-27 -- Valor do Diferencial de Aliquota do ICMS 6,00% R 19,50 partilha: TO 60% R 11,70, GO 40%|
|C100|1|0|18569|55|00|001|8798|52170403847530000168550010000087981000333174|07042017|07042017|2800,00|1|0,00|0,00|2800,00|2|0,00|0,00|0,00|0,00|0,00|0,00|0,00|0,00|0,00|0,00|0,00|0,00|
|C190|090|5949|0,00|2800,00|0,00|0,00|0,00|0,00|0,00|0,00|385451|
|C195|385451|NAO INCIDENCIA DE ICMS CONFORME ART 78 E 79 DO INCISO I LINHA E DO DECRETO 4.852/97. --  -- Total aproximado dos tributos R 880,60 31,45%, Fonte: IBPT|
|C100|0|1|153|55|00|01|92256|52170403564438000190550010000922561000922567|06042017|07042017|73,40|1|0,00|0,00|73,40|2|0,00|0,00|0,00|0,00|0,00|0,00|0,00|0,00|0,00|0,00|0,00|0,00|
|C170|1|000000180971||20,000|FL|73,40|0,00|0|090|1101||0,00|0,00|0,00|0,00|0,00|0,00||01||73,40|0,00|0,00|74|||||0,00|74|||||0,00||
|C190|090|1101|0,00|73,40|0,00|0,00|0,00|0,00|0,00|0,00|386239|
|C195|386239|020-Base Calc. Reduz.Conf.Inciso VIII do Art.8 Anexo IX Decr 4852/97 RCTEMoeda : Duplicata|
|C100|0|1|153|55|00|01|92255|52170403564438000190550010000922551000922551|06042017|07042017|539,55|1|0,00|0,00|539,55|2|0,00|0,00|0,00|0,00|0,00|0,00|0,00|0,00|0,00|0,00|0,00|0,00|
|C170|1|000000180967||45,000|FL|539,55|0,00|0|090|1101||0,00|0,00|0,00|0,00|0,00|0,00||01||539,55|0,00|0,00|74|||||0,00|74|||||0,00||
|C190|090|1101|0,00|539,55|0,00|0,00|0,00|0,00|0,00|0,00|386240|
|C195|386240|020-Base Calc. Reduz.Conf.Inciso VIII do Art.8 Anexo IX Decr 4852/97 RCTEMoeda : Duplicata|
|C100|0|1|4887|55|00|000|83173|52170455973366001534550000000831731332244811|06042017|07042017|595,10|1|0,00|0,00|566,76|1|0,00|0,00|0,00|0,00|0,00|0,00|0,00|28,34|0,00|0,00|0,00|0,00|
|C170|1|000000062772||6,000|PC1|566,76|0,00|0|190|1101||0,00|0,00|0,00|0,00|0,00|0,00||00||566,76|5,00|28,34|74|||||0,00|74|||||0,00||
|C190|190|1101|0,00|595,10|0,00|0,00|0,00|0,00|0,00|28,34|386243|
|C195|386243|BASE CALC.REDUZIDA EM 41,17% CONF.ART.8 INC.VIII ANEXO IX DO RCTE - NroCarga: 1579235 - NroPedido: 2577239 - Forma Pagto: BOLETO EMPRESA  - Rota: 22 - GOIANIA|
|C100|1|0|7023|55|00|001|8799|52170403847530000168550010000087991000334178|10042017|10042017|675,00|1|0,00|0,00|675,00|1|0,00|0,00|0,00|0,00|0,00|0,00|0,00|0,00|0,00|0,00|0,00|0,00|
|C190|090|5949|0,00|675,00|0,00|0,00|0,00|0,00|0,00|0,00|385452|
|C195|385452|NAO INCIDENCIA DE ICMS CONFORME ART 78 E 79 DO INCISO I LINHA E DO DECRETO 4.852/97. --  -- Total aproximado dos tributos R 212,29 31,45%, Fonte: IBPT|
|C100|1|0|146|55|00|001|8800|52170403847530000168550010000088001000335177|10042017|10042017|1216,60|1|0,00|0,00|1216,60|1|0,00|0,00|0,00|0,00|0,00|0,00|0,00|0,00|0,00|0,00|0,00|0,00|
|C190|090|6949|0,00|1216,60|0,00|0,00|0,00|0,00|0,00|0,00|385453|
|C195|385453|NAO INCIDENCIA DE ICMS CONFORME ART 78 E 79 DO INCISO I LINHA E DO DECRETO 4.852/97. --  -- Total aproximado dos tributos R 382,62 31,45%, Fonte: IBPT|
|C100|1|0|16533|55|00|001|8801|52170403847530000168550010000088011000336170|10042017|10042017|58,33|1|0,00|0,00|58,33|1|0,00|0,00|0,00|0,00|0,00|0,00|0,00|0,00|0,00|0,00|0,00|0,00|
|C190|090|6949|0,00|58,33|0,00|0,00|0,00|0,00|0,00|0,00|385454|
|C195|385454|NAO INCIDENCIA DE ICMS CONFORME ART 78 E 79 DO INCISO I LINHA E DO DECRETO 4.852/97. --  -- Total aproximado dos tributos R 18,34 31,45%, Fonte: IBPT|
|C100|1|0|144|55|00|001|8802|52170403847530000168550010000088021000337174|10042017|10042017|233,33|1|0,00|0,00|233,33|1|0,00|0,00|0,00|0,00|0,00|0,00|0,00|0,00|0,00|0,00|0,00|0,00|
|C190|090|6949|0,00|233,33|0,00|0,00|0,00|0,00|0,00|0,00|385455|
|C195|385455|NAO INCIDENCIA DE ICMS CONFORME ART 78 E 79 DO INCISO I LINHA E DO DECRETO 4.852/97. --  -- Total aproximado dos tributos R 73,38 31,45%, Fonte: IBPT|
|C100|1|0|1045|55|00|001|8803|52170403847530000168550010000088031000338178|10042017|10042017|58,33|1|0,00|0,00|58,33|1|0,00|0,00|0,00|0,00|0,00|0,00|0,00|0,00|0,00|0,00|0,00|0,00|
|C190|090|6949|0,00|58,33|0,00|0,00|0,00|0,00|0,00|0,00|385456|
|C195|385456|NAO INCIDENCIA DE ICMS CONFORME ART 78 E 79 DO INCISO I LINHA E DO DECRETO 4.852/97. --  -- Total aproximado dos tributos R 18,34 31,45%, Fonte: IBPT|
|C100|1|0|20808|55|00|001|8804|52170403847530000168550010000088041000339171|10042017|10042017|58,33|1|0,00|0,00|58,33|1|0,00|0,00|0,00|0,00|0,00|0,00|0,00|0,00|0,00|0,00|0,00|0,00|
|C190|090|6949|0,00|58,33|0,00|0,00|0,00|0,00|0,00|0,00|385457|
|C195|385457|NAO INCIDENCIA DE ICMS CONFORME ART 78 E 79 DO INCISO I LINHA E DO DECRETO 4.852/97. --  -- Total aproximado dos tributos R 18,34 31,45%, Fonte: IBPT|
|C100|1|0|18961|55|00|001|8805|52170403847530000168550010000088051000340177|10042017|10042017|291,67|1|0,00|0,00|291,67|1|0,00|0,00|0,00|0,00|0,00|0,00|0,00|0,00|0,00|0,00|0,00|0,00|
|C190|090|6949|0,00|291,67|0,00|0,00|0,00|0,00|0,00|0,00|385458|
|C195|385458|NAO INCIDENCIA DE ICMS CONFORME ART 78 E 79 DO INCISO I LINHA E DO DECRETO 4.852/97. --  -- Total aproximado dos tributos R 91,73 31,45%, Fonte: IBPT|
|C100|1|0|16277|55|00|001|8806|52170403847530000168550010000088061000341170|10042017|10042017|58,33|1|0,00|0,00|58,33|1|0,00|0,00|0,00|0,00|0,00|0,00|0,00|0,00|0,00|0,00|0,00|0,00|
|C190|090|6949|0,00|58,33|0,00|0,00|0,00|0,00|0,00|0,00|385459|
|C195|385459|NAO INCIDENCIA DE ICMS CONFORME ART 78 E 79 DO INCISO I LINHA E DO DECRETO 4.852/97. --  -- Total aproximado dos tributos R 18,34 31,45%, Fonte: IBPT|
|C100|1|0|117|55|00|001|8807|52170403847530000168550010000088071000342174|10042017|10042017|3609,88|1|0,00|0,00|3609,88|1|0,00|0,00|0,00|0,00|0,00|0,00|0,00|0,00|0,00|0,00|0,00|0,00|
|C190|090|5949|0,00|3609,88|0,00|0,00|0,00|0,00|0,00|0,00|385460|
|C195|385460|NAO INCIDENCIA DE ICMS CONFORME ART 78 E 79 DO INCISO I LINHA E DO DECRETO 4.852/97. --  -- Total aproximado dos tributos R 1.135,31 31,45%, Fonte: IBPT|
|C100|1|0|128|55|00|001|8808|52170403847530000168550010000088081000343178|10042017|10042017|284,24|1|0,00|0,00|284,24|1|0,00|0,00|0,00|0,00|0,00|0,00|0,00|0,00|0,00|0,00|0,00|0,00|
|C190|090|6949|0,00|284,24|0,00|0,00|0,00|0,00|0,00|0,00|385461|
|C195|385461|NAO INCIDENCIA DE ICMS CONFORME ART 78 E 79 DO INCISO I LINHA E DO DECRETO 4.852/97. --  -- Total aproximado dos tributos R 89,39 31,45%, Fonte: IBPT|
|C100|1|0|17040|55|00|001|8809|52170403847530000168550010000088091000344171|10042017|10042017|795,88|1|0,00|0,00|795,88|1|0,00|0,00|0,00|0,00|0,00|0,00|0,00|0,00|0,00|0,00|0,00|0,00|
|C190|090|6949|0,00|795,88|0,00|0,00|0,00|0,00|0,00|0,00|385462|
|C195|385462|NAO INCIDENCIA DE ICMS CONFORME ART 78 E 79 DO INCISO I LINHA E DO DECRETO 4.852/97. --  -- Total aproximado dos tributos R 250,30 31,45%, Fonte: IBPT|
|C100|0|1|21003|55|00|01|1|52170426819002000109550010000000011303679620|10042017|10042017|970,00|0|0,00|0,00|970,00|1|0,00|0,00|0,00|0,00|0,00|0,00|0,00|0,00|0,00|0,00|0,00|0,00|
|C170|1|000000180965||1,000|UND|970,00|0,00|0|090|1101||0,00|0,00|0,00|0,00|0,00|0,00|||||||74|||||0,00|74|||||0,00||
|C190|090|1101|0,00|970,00|0,00|0,00|0,00|0,00|0,00|0,00||
|C100|0|1|4887|55|00|000|83203|52170455973366001534550000000832031993155837|07042017|10042017|96,85|1|0,00|0,00|96,85|1|0,00|0,00|0,00|0,00|0,00|0,00|0,00|0,00|0,00|0,00|0,00|0,00|
|C170|1|000000178253||1,000|PC1|96,85|0,00|0|090|1101||0,00|0,00|0,00|0,00|0,00|0,00|||||||74|||||0,00|74|||||0,00||
|C190|090|1101|0,00|96,85|0,00|0,00|0,00|0,00|0,00|0,00|386245|
|C195|386245|BASE CALC.REDUZIDA EM 41,17% CONF.ART.8 INC.VIII ANEXO IX DO RCTE - NroCarga: 1579506 - NroPedido: 2577467 - Forma Pagto: BOLETO EMPRESA  - Rota: 22 - GOIANIA|
|C100|0|1|8283|55|00|01|93230|35170402531128000107550010000932301659774383|07042017|10042017|150,00|1|0,00|0,00|136,36|1|0,00|0,00|0,00|0,00|0,00|0,00|0,00|13,64|0,00|0,00|0,00|0,00|
|C170|1|000000181001||3,000|UND|136,36|0,00|0|190|2101||0,00|0,00|0,00|0,00|0,00|0,00||00||136,36|10,00|13,64|74|||||0,00|74|||||0,00||
|C190|190|2101|0,00|150,00|0,00|0,00|0,00|0,00|0,00|13,64|386318|
|C195|386318|ICMS 4% conf Resoluo do Senado Federal nr 13/12, conv.ICMS 123/12. Contedo de importao 100%.**  **  ** Numero de remessa 1759674136 ** Pick up ** Vend email ** Gleici Araujo ** Valor aproximado dos impostos R 31.70 ,e percentual 21.13 % **|
|C100|0|1|2862|55|00|004|857318|35170443648971000155550040008573181039154362|04042017|10042017|1019,05|1|0,00|0,00|927,00|1|0,00|0,00|92,05|0,00|0,00|0,00|0,00|0,00|0,00|0,00|0,00|0,00|
|C170|1|000000009910||6,000|UN|449,40|0,00|0|090|2101||0,00|0,00|0,00|0,00|0,00|0,00||05||0,00|0,00|0,00|74|||||0,00|74|||||0,00||
|C170|2|000000003794||24,000|UN|477,60|0,00|0|090|2101||0,00|0,00|0,00|0,00|0,00|0,00||03||0,00|0,00|0,00|74|||||0,00|74|||||0,00||
|C190|090|2101|0,00|1019,05|0,00|0,00|0,00|0,00|0,00|0,00|386323|
|C195|386323|MERCADORIA ADQUIRIDA PARA USO E CONSUMO. SUBSTITUICAO TRIBUTARIA CF CONV.110/2007, CLAUSULA 11., INCISO I VALOR APROXIMADO DOS TRIBUTOS: FONTE IBPT PEDIDO: 281334 NR. ORDEM DE MONTAGEM: 870262  ***Conheca nosso Portal do Cliente em www.wurthdobrasil.com.b|
|C100|1|0|4815|55|00|001|8810|52170403847530000168550010000088101000345179|11042017|11042017|5000,00|1|0,00|0,00|5000,00|9|0,00|0,00|0,00|0,00|0,00|0,00|0,00|0,00|0,00|0,00|0,00|0,00|
|C190|090|6949|0,00|5000,00|0,00|0,00|0,00|0,00|0,00|0,00|385463|
|C195|385463|NAO INCIDENCIA DE ICMS CONFORME ART 78 E 79 DO INCISO I LINHA E DO DECRETO 4.852/97. --  -- Total aproximado dos tributos R 1.572,50 31,45%, Fonte: IBPT|
|C100|1|0|19616|55|00|001|8811|52170403847530000168550010000088111000346172|11042017|11042017|100,00|1|0,00|0,00|100,00|2|0,00|0,00|0,00|0,00|0,00|0,00|0,00|0,00|0,00|0,00|0,00|0,00|
|C190|090|6949|0,00|100,00|0,00|0,00|0,00|0,00|0,00|0,00|385464|
|C195|385464|NAO INCIDENCIA DE ICMS CONFORME ART 78 E 79 DO INCISO I LINHA E DO DECRETO 4.852/97. --  -- Total aproximado dos tributos R 31,45 31,45%, Fonte: IBPT|
|C100|1|0|16533|55|00|001|8812|52170403847530000168550010000088121000347176|11042017|11042017|69,83|1|0,00|0,00|69,83|1|0,00|0,00|0,00|0,00|0,00|0,00|0,00|0,00|0,00|0,00|0,00|0,00|
|C190|090|6949|0,00|69,83|0,00|0,00|0,00|0,00|0,00|0,00|385465|
|C195|385465|NAO INCIDENCIA DE ICMS CONFORME ART 78 E 79 DO INCISO I LINHA E DO DECRETO 4.852/97. --  -- Total aproximado dos tributos R 21,96 31,45%, Fonte: IBPT|
|C100|1|0|20808|55|00|001|8813|52170403847530000168550010000088131000348170|11042017|11042017|69,83|1|0,00|0,00|69,83|1|0,00|0,00|0,00|0,00|0,00|0,00|0,00|0,00|0,00|0,00|0,00|0,00|
|C190|090|6949|0,00|69,83|0,00|0,00|0,00|0,00|0,00|0,00|385466|
|C195|385466|NAO INCIDENCIA DE ICMS CONFORME ART 78 E 79 DO INCISO I LINHA E DO DECRETO 4.852/97. --  -- Total aproximado dos tributos R 21,96 31,45%, Fonte: IBPT|
|C100|1|0|146|55|00|001|8814|52170403847530000168550010000088141000349173|11042017|11042017|209,50|1|0,00|0,00|209,50|1|0,00|0,00|0,00|0,00|0,00|0,00|0,00|0,00|0,00|0,00|0,00|0,00|
|C190|090|6949|0,00|209,50|0,00|0,00|0,00|0,00|0,00|0,00|385467|
|C195|385467|NAO INCIDENCIA DE ICMS CONFORME ART 78 E 79 DO INCISO I LINHA E DO DECRETO 4.852/97. --  -- Total aproximado dos tributos R 65,89 31,45%, Fonte: IBPT|
|C100|1|0|144|55|00|001|8815|52170403847530000168550010000088151000350179|11042017|11042017|279,33|1|0,00|0,00|279,33|1|0,00|0,00|0,00|0,00|0,00|0,00|0,00|0,00|0,00|0,00|0,00|0,00|
|C190|090|6949|0,00|279,33|0,00|0,00|0,00|0,00|0,00|0,00|385468|
|C195|385468|NAO INCIDENCIA DE ICMS CONFORME ART 78 E 79 DO INCISO I LINHA E DO DECRETO 4.852/97. --  -- Total aproximado dos tributos R 87,85 31,45%, Fonte: IBPT|
|C100|1|0|18961|55|00|001|8816|52170403847530000168550010000088161000351172|11042017|11042017|349,17|1|0,00|0,00|349,17|1|0,00|0,00|0,00|0,00|0,00|0,00|0,00|0,00|0,00|0,00|0,00|0,00|
|C190|090|6949|0,00|349,17|0,00|0,00|0,00|0,00|0,00|0,00|385469|
|C195|385469|NAO INCIDENCIA DE ICMS CONFORME ART 78 E 79 DO INCISO I LINHA E DO DECRETO 4.852/97. --  -- Total aproximado dos tributos R 109,81 31,45%, Fonte: IBPT|
|C100|1|0|1045|55|00|001|8817|52170403847530000168550010000088171000352176|11042017|11042017|69,83|1|0,00|0,00|69,83|1|0,00|0,00|0,00|0,00|0,00|0,00|0,00|0,00|0,00|0,00|0,00|0,00|
|C190|090|6949|0,00|69,83|0,00|0,00|0,00|0,00|0,00|0,00|385470|
|C195|385470|NAO INCIDENCIA DE ICMS CONFORME ART 78 E 79 DO INCISO I LINHA E DO DECRETO 4.852/97. --  -- Total aproximado dos tributos R 21,96 31,45%, Fonte: IBPT|
|C100|1|0|16277|55|00|001|8818|52170403847530000168550010000088181000353170|11042017|11042017|69,83|1|0,00|0,00|69,83|1|0,00|0,00|0,00|0,00|0,00|0,00|0,00|0,00|0,00|0,00|0,00|0,00|
|C190|090|6949|0,00|69,83|0,00|0,00|0,00|0,00|0,00|0,00|385471|
|C195|385471|NAO INCIDENCIA DE ICMS CONFORME ART 78 E 79 DO INCISO I LINHA E DO DECRETO 4.852/97. --  -- Total aproximado dos tributos R 21,96 31,45%, Fonte: IBPT|
|C100|1|0|20963|55|00|001|8819|52170403847530000168550010000088191000354173|11042017|11042017|7500,00|1|0,00|0,00|7500,00|1|0,00|0,00|0,00|0,00|0,00|0,00|0,00|0,00|0,00|0,00|0,00|0,00|
|C190|090|6949|0,00|7500,00|0,00|0,00|0,00|0,00|0,00|0,00|385472|
|C195|385472|NAO INCIDENCIA DE ICMS CONFORME ART 78 E 79 DO INCISO I LINHA E DO DECRETO 4.852/97.  --  -- Total aproximado dos tributos R 2.358,75 31,45%, Fonte: IBPT|
|C100|1|0|142|55|00|001|8820|52170403847530000168550010000088201000355170|11042017|11042017|125,00|1|0,00|0,00|125,00|1|0,00|0,00|0,00|0,00|0,00|0,00|0,00|0,00|0,00|0,00|0,00|0,00|
|C190|090|6949|0,00|125,00|0,00|0,00|0,00|0,00|0,00|0,00|385473|
|C195|385473|NAO INCIDENCIA DE ICMS CONFORME ART 78 E 79 DO INCISO I LINHA E DO DECRETO 4.852/97. --  -- Total aproximado dos tributos R 39,31 31,45%, Fonte: IBPT|
|C100|0|1|155|55|00|01|61246|52170406942157000112550010000612461466483937|10042017|11042017|50,40|0|0,00|0,00|50,40|1|0,00|0,00|0,00|0,00|0,00|0,00|0,00|0,00|0,00|0,00|0,00|0,00|
|C170|1|000000039487||4,000|RL|50,40|0,00|0|090|1101||0,00|0,00|0,00|0,00|0,00|0,00||03||0,00|0,00|0,00|74|||||0,00|74|||||0,00||
|C190|090|1101|0,00|50,40|0,00|0,00|0,00|0,00|0,00|0,00|386234|
|C195|386234|BASE DE CALCULO REDUZIDA, CONFORME ART. 8 INC. VIII ANEXO IX DO RCTE.. - Valor aproximado tributos R 6,78 13,45% Fonte: IBPT|
|C100|0|1|4887|55|00|000|83276|52170455973366001534550000000832761402874670|10042017|11042017|1983,66|1|0,00|0,00|1889,20|1|0,00|0,00|0,00|0,00|0,00|0,00|0,00|94,46|0,00|0,00|0,00|0,00|
|C170|1|000000062772||20,000|PC1|1889,20|0,00|0|190|1101||0,00|0,00|0,00|0,00|0,00|0,00||00||1889,20|5,00|94,46|74|||||0,00|74|||||0,00||
|C190|190|1101|0,00|1983,66|0,00|0,00|0,00|0,00|0,00|94,46|386244|
|C195|386244|BASE CALC.REDUZIDA EM 41,17% CONF.ART.8 INC.VIII ANEXO IX DO RCTE - NroCarga: 1580776 - NroPedido: 2579490 - Forma Pagto: BOLETO EMPRESA  - Rota: 22 - GOIANIA|
|C100|0|1|16848|55|00|01|10447|33170434073353000133550010000104471570950441|07042017|11042017|1760,00|1|0,00|0,00|1760,00|1|0,00|0,00|0,00|0,00|0,00|0,00|0,00|0,00|0,00|0,00|0,00|0,00|
|C170|1|000000060623||10,000|UNI|1760,00|0,00|0|190|2101||0,00|0,00|0,00|0,00|0,00|0,00||00||1760,00|0,00|0,00|74|||||0,00|74|||||0,00||
|C190|190|2101|0,00|1760,00|0,00|0,00|0,00|0,00|0,00|0,00|386322|
|C195|386322|PEDIDO VIA E-MAIL PER-S A/C: RAQUEL RIBEIRO - ALIQUOTA DE ICMS CONFORME RESOLUCAO N. 13 DE 25/04/12 DO SENADO FEDERAL|
|C100|0|1|8283|55|00|01|93185|35170402531128000107550010000931851515006217|06042017|11042017|194,30|1|0,00|0,00|176,64|1|0,00|0,00|17,66|0,00|0,00|0,00|0,00|0,00|0,00|0,00|0,00|0,00|
|C170|1|000000181025||2,000|PC|0,54|0,00|0|190|2949||0,00|0,00|0,00|0,00|0,00|0,00||03||0,00|0,00|0,00|74|||||0,00|74|||||0,00||
|C170|2|000000181023||2,000|PC|166,23|0,00|0|190|2949||0,00|0,00|0,00|0,00|0,00|0,00||03||0,00|0,00|0,00|74|||||0,00|74|||||0,00||
|C170|3|000000181024||2,000|PC|9,87|0,00|0|190|2949||0,00|0,00|0,00|0,00|0,00|0,00||03||0,00|0,00|0,00|74|||||0,00|74|||||0,00||
|C190|190|2949|0,00|194,30|0,00|0,00|0,00|0,00|0,00|0,00|386363|
|C195|386363|ICMS 4% conf Resoluo do Senado Federal nr 13/12, conv.ICMS 123/12. Contedo de importao 100%.**  **  ** Numero de remessa 1759672622 ** Pick up ** KH 78 N/s FH.FNP0-00261 ** Elder Machado ** Valor aproximado dos impostos R 25.42 ,e percentual 13.08 %|
|C100|1|0|1183|55|00|001|8821|52170403847530000168550010000088211000356174|12042017|12042017|364,00|1|19,20|0,00|383,20|9|0,00|0,00|0,00|0,00|0,00|0,00|0,00|0,00|0,00|0,00|0,00|0,00|
|C190|090|5201|0,00|364,00|0,00|0,00|0,00|0,00|0,00|0,00|385474|
|C195|385474|Devolucao integral referente a NF nr.4634655/1 de 10/04/2017 --  -- Total aproximado dos tributos R 130,75 35,92%, Fonte: IBPT|
|C100|1|0||55|02|1|8822|52170403847530000168550010000088221000357178|||||||||||||||||||||
|C100|1|0||55|02|001|8823|52170403847530000168550010000088231000358171|||||||||||||||||||||
|C100|1|0|17040|55|00|001|8824|52170403847530000168550010000088241000359175|12042017|12042017|1776,67|1|0,00|0,00|1776,67|1|0,00|0,00|0,00|0,00|0,00|0,00|0,00|0,00|0,00|0,00|0,00|0,00|
|C190|090|6949|0,00|1776,67|0,00|0,00|0,00|0,00|0,00|0,00|385477|
|C195|385477|NAO INCIDENCIA DE ICMS CONFORME ART 78 E 79 DO INCISO I LINHA E DO DECRETO 4.852/97. --  -- Total aproximado dos tributos R 558,76 31,45%, Fonte: IBPT|
|C100|1|0|128|55|00|001|8825|52170403847530000168550010000088251000360170|12042017|12042017|499,69|1|0,00|0,00|499,69|1|0,00|0,00|0,00|0,00|0,00|0,00|0,00|0,00|0,00|0,00|0,00|0,00|
|C190|090|6949|0,00|499,69|0,00|0,00|0,00|0,00|0,00|0,00|385478|
|C195|385478|NAO INCIDENCIA DE ICMS CONFORME ART 78 E 79 DO INCISO I LINHA E DO DECRETO 4.852/97. --  -- Total aproximado dos tributos R 157,15 31,45%, Fonte: IBPT|
|C100|1|0|117|55|00|001|8826|52170403847530000168550010000088261000361174|12042017|12042017|3053,65|1|0,00|0,00|3053,65|1|0,00|0,00|0,00|0,00|0,00|0,00|0,00|0,00|0,00|0,00|0,00|0,00|
|C190|090|5949|0,00|3053,65|0,00|0,00|0,00|0,00|0,00|0,00|385479|
|C195|385479|NAO INCIDENCIA DE ICMS CONFORME ART 78 E 79 DO INCISO I LINHA E DO DECRETO 4.852/97. --  -- Total aproximado dos tributos R 960,37 31,45%, Fonte: IBPT|
|C100|1|0|16530|55|00|001|8827|52170403847530000168550010000088271000362178|12042017|12042017|231,00|1|0,00|0,00|231,00|1|0,00|0,00|0,00|0,00|0,00|0,00|0,00|0,00|0,00|0,00|0,00|0,00|
|C190|090|6949|0,00|231,00|0,00|0,00|0,00|0,00|0,00|0,00|385480|
|C195|385480|NAO INCIDENCIA DE ICMS CONFORME ART 78 E 79 DO INCISO I LINHA E DO DECRETO 4.852/97. --  -- Total aproximado dos tributos R 72,65 31,45%, Fonte: IBPT|
|C100|0|1|1183|55|00|01|46346|52170400041384000190550010000463461000463464|10042017|12042017|364,00|2|19,20|0,00|383,20|2|0,00|0,00|0,00|0,00|0,00|0,00|0,00|0,00|0,00|0,00|0,00|0,00|
|C170|1|000000180968||4,000|PC|383,20|19,20|0|090|1101||0,00|0,00|0,00|0,00|0,00|0,00||00||364,00|0,00|0,00|74|||||0,00|74|||||0,00||
|C190|090|1101|0,00|364,00|0,00|0,00|0,00|0,00|0,00|0,00|386235|
|C195|386235|PERMITE APROVEITAMENTO DE CREDITO ICMS NO VALOR DE R 14,01CORRESPONDENTE A ALIQUOTA DE 3,85 % NOS TERMOS DOS ART. 23 DA LC. 123.NOME FANTASIA: IPANEMA GRAFICA E EDITORA LTDAFORMA DE PAGAMENTO: BOLETO 15 DIASNOME DO VENDEDOR: CLEYTON  VALOR APROX.|
|C100|0|1|4520|55|00|01|14858|52170404292064000164550010000148581000148584|04042017|12042017|53,65|1|0,00|0,00|53,65|2|0,00|0,00|0,00|0,00|0,00|0,00|0,00|0,00|0,00|0,00|0,00|0,00|
|C170|1|000000180973||1,000|RL|53,65|0,00|0|090|1101||0,00|0,00|0,00|0,00|0,00|0,00|||||||74|||||0,00|74|||||0,00||
|C190|090|1101|0,00|53,65|0,00|0,00|0,00|0,00|0,00|0,00|386246|
|C195|386246|Documento emitido por ME ou EPP optante pelo Simples Nacional. Nao gera direito a Credito Fiscal de ICMS conforme artigo 2 paragrafos primeiro e segundo da Resolucao do CGSN N. 10/2007.|
|C100|0|1|15129|55|00|01|10026|52170420743715000141550010000100265000100262|11042017|12042017|448,00|1|0,00|0,00|448,00|2|0,00|0,00|0,00|0,00|0,00|0,00|0,00|0,00|0,00|0,00|0,00|0,00|
|C170|1|000000061903||1600,000|UNI|448,00|0,00|0|090|1101||0,00|0,00|0,00|0,00|0,00|0,00||00||448,00|0,00|0,00|74|||||0,00|74|||||0,00||
|C190|090|1101|0,00|448,00|0,00|0,00|0,00|0,00|0,00|0,00|386247|
|C195|386247|DOCUMENTO EMITIDO POR ME OU EPP OPTANTE PELO SIMPLES NACIONAL NAO GERA DIREITO A CREDITO FISCAL DE IPI. PERMITE O APROVEITAMENTO DO CREDITO DE ICMS NO VALOR DE R 12.86 CORRESPONDENTE A ALIQUOTA DE 2,87 NOS TERMOS DO ART.23 DA LC 123/2006Vendedor : ALES|
|C100|0|1|112|55|00|01|37096|52170416404287029994550010000370961163768857|11042017|12042017|622,63|1|0,00|0,00|592,98|2|0,00|0,00|0,00|0,00|0,00|0,00|0,00|29,65|0,00|0,00|0,00|0,00|
|C170|1|000000057437||12,000|CXA|592,98|0,00|0|090|1101||0,00|0,00|0,00|0,00|0,00|0,00||00||592,98|5,00|29,65|74|||||0,00|74|||||0,00||
|C190|090|1101|0,00|622,63|0,00|0,00|0,00|0,00|0,00|29,65|386248|
|C195|386248|Numero DT: 2215177 REDUCAO DE 41,18% NA BASE DE CALCULO DE ICMS CORFORME ARTIGO 8 INC VIII ALINEA A DECRETO 4.852/97. Condicoes de Pagamento: 07 DDL BOLETO Produtos certificados FSC. FSC Misto 70%. RA-COC-001983-M Docs. Referencia: 6192215 / 6192215 / 8|
|C100|0|1|7392|55|00|002|517293|52170402924249000119550020005172931001674925|10042017|12042017|102,00|1|0,00|0,00|102,00|1|0,00|0,00|0,00|0,00|0,00|0,00|0,00|0,00|0,00|0,00|0,00|0,00|
|C170|1|000000058262||6,000|KG|102,00|0,00|0|090|1556||0,00|0,00|0,00|0,00|0,00|0,00||03||0,00|0,00|0,00|74|||||0,00|74|||||0,00||
|C190|090|1556|0,00|102,00|0,00|0,00|0,00|0,00|0,00|0,00|386288|
|C195|386288|S.V:000024 BOL CFTP0103: ALIQUOTA 0 ZERO DA CONTRIBUICAO PARA PIS E COFINS CONFORME ART.1 INCISO XXI DA LEI 10925/2004 ALTERADO PELO ART. 1 DA LEI 12839/2013. SAIDA INTERNA DE CAFE TORRADO OU MOIDO REDUCAO NA B.C. DO ICMS CONFORME INCISO XXXIII ART. 8 A|
|C100|0|1|181|55|00|01|97440|35170407672995000186550010000974401597447867|06042017|12042017|3514,50|1|0,00|0,00|3514,50|2|0,00|0,00|0,00|0,00|0,00|0,00|0,00|0,00|0,00|0,00|0,00|0,00|
|C170|1|000000143663||150,000|KG|1045,50|0,00|0|390|2101||0,00|0,00|0,00|0,00|0,00|0,00||01||1045,50|0,00|0,00|74|||||0,00|74|||||0,00||
|C170|2|000000174885||300,000|KG|2469,00|0,00|0|390|2101||0,00|0,00|0,00|0,00|0,00|0,00||01||2469,00|0,00|0,00|74|||||0,00|74|||||0,00||
|C190|390|2101|0,00|3514,50|0,00|0,00|0,00|0,00|0,00|0,00||
|C100|0|1|16863|55|00|01|10402|35170413819531000152550010000104021000104020|06042017|12042017|3970,16|1|0,00|0,00|3609,24|1|0,00|0,00|0,00|0,00|0,00|0,00|0,00|360,92|0,00|0,00|0,00|0,00|
|C170|1|000000181006||12,000|PC|2663,64|0,00|0|090|2101||0,00|0,00|0,00|0,00|0,00|0,00||00||2663,64|10,00|266,36|74|||||0,00|74|||||0,00||
|C170|2|000000181005||12,000|PC|945,60|0,00|0|090|2101||0,00|0,00|0,00|0,00|0,00|0,00||00||945,60|10,00|94,56|74|||||0,00|74|||||0,00||
|C190|090|2101|0,00|3970,16|0,00|0,00|0,00|0,00|0,00|360,92||
|C100|0|1|20571|55|00|000|7569|53170400650895000100550000000075691211566706|11042017|12042017|675,00|0|0,00|0,00|675,00|1|0,00|0,00|0,00|0,00|0,00|0,00|0,00|0,00|0,00|0,00|0,00|0,00|
|C170|1|000000180223||3,000|PC|43,50|0,00|0|090|2101||0,00|0,00|0,00|0,00|0,00|0,00|||||||74|||||0,00|74|||||0,00||
|C170|2|000000177881||7,000|PC|101,50|0,00|0|090|2101||0,00|0,00|0,00|0,00|0,00|0,00|||||||74|||||0,00|74|||||0,00||
|C170|3|000000181010||10,000|PC|145,00|0,00|0|090|2101||0,00|0,00|0,00|0,00|0,00|0,00|||||||74|||||0,00|74|||||0,00||
|C170|4|000000181011||22,000|CT|385,00|0,00|0|090|2101||0,00|0,00|0,00|0,00|0,00|0,00|||||||74|||||0,00|74|||||0,00||
|C190|090|2101|0,00|675,00|0,00|0,00|0,00|0,00|0,00|0,00|386335|
|C195|386335|VENCIMENTO  09/05/2017|
|C100|0|1|20571|55|00|000|7565|53170400650895000100550000000075651018233467|10042017|12042017|174,00|2|0,00|0,00|174,00|1|0,00|0,00|0,00|0,00|0,00|0,00|0,00|0,00|0,00|0,00|0,00|0,00|
|C170|1|000000180223||12,000|PC|174,00|0,00|0|090|2101||0,00|0,00|0,00|0,00|0,00|0,00|||||||74|||||0,00|74|||||0,00||
|C190|090|2101|0,00|174,00|0,00|0,00|0,00|0,00|0,00|0,00|386336|
|C195|386336|C/C BANCO DO BRASIL AG. 2863-0 C/C 60.049-0 PLASTIL COMERCIAL DE PLSTICOS LTDA|
|C100|1|0|19658|55|00|001|8828|52170403847530000168550010000088281000363171|13042017|13042017|4550,00|1|0,00|0,00|4550,00|1|0,00|0,00|0,00|2676,31|454,97|0,00|0,00|0,00|29,58|136,50|0,00|0,00|
|C190|020|5101|17,00|4550,00|2676,31|454,97|0,00|0,00|1873,69|0,00|384949|
|C195|384949|O.S 63871 --  -- Total aproximado dos tributos R 1.430,97 31,45%, Fonte: IBPT|
|C100|1|0|20964|55|00|001|8829|52170403847530000168550010000088291000364175|13042017|13042017|18610,00|1|0,00|0,00|18610,00|9|0,00|0,00|0,00|0,00|0,00|0,00|0,00|0,00|0,00|0,00|0,00|0,00|
|C190|090|5949|0,00|18610,00|0,00|0,00|0,00|0,00|0,00|0,00|385481|
|C195|385481|NAO INCIDENCIA DE ICMS CONFORME ART 78 E 79 DO INCISO I LINHA E DO DECRETO 4.852/97.ENDERECO DE ENTREGA : AVENIDA AGUA SANTA - RIO VERDE - CEP: 75909-490 / HOTEL BLUEE . --  -- Total aproximado dos tributos R 5.852,85 31,45%, Fonte: IBPT|
|C100|1|0|7024|55|00|001|8830|52170403847530000168550010000088301000365172|13042017|13042017|2128,50|1|0,00|0,00|2128,50|1|0,00|0,00|0,00|0,00|0,00|0,00|0,00|0,00|0,00|0,00|0,00|0,00|
|C190|090|6949|0,00|2128,50|0,00|0,00|0,00|0,00|0,00|0,00|385482|
|C195|385482|NAO INCIDENCIA DE ICMS CONFORME ART 78 E 79 DO INCISO I LINHA E DO DECRETO 4.852/97. -- Valor do Diferencial de Aliquota do ICMS 6,00% R 127,71 partilha: TO 60% R 76,63, GO 40% R 51,08 --  -- Total aproximado dos tributos R 669,41 31,45%, Fonte: IB|
|C100|0|1|1183|55|00|01|46389|52170400041384000190550010000463891000463895|12042017|13042017|282,00|2|15,00|0,00|297,00|2|0,00|0,00|0,00|0,00|0,00|0,00|0,00|0,00|0,00|0,00|0,00|0,00|
|C170|1|000000059257||15,000|KG|297,00|15,00|0|090|1101||0,00|0,00|0,00|0,00|0,00|0,00||00||282,00|0,00|0,00|74|||||0,00|74|||||0,00||
|C190|090|1101|0,00|282,00|0,00|0,00|0,00|0,00|0,00|0,00|386249|
|C195|386249|PERMITE APROVEITAMENTO DE CREDITO ICMS NO VALOR DE R 10,86CORRESPONDENTE A ALIQUOTA DE 3,85 % NOS TERMOS DOS ART. 23 DA LC. 123.NOME FANTASIA: IPANEMA GRAFICA E EDITORA LTDAFORMA DE PAGAMENTO: BOLETO 15 DIASNOME DO VENDEDOR: CLEYTON  VALOR APROX.|
|C100|0|1|153|55|00|01|92439|52170403564438000190550010000924391000924390|12042017|13042017|76,72|1|0,00|0,00|76,72|2|0,00|0,00|0,00|0,00|0,00|0,00|0,00|0,00|0,00|0,00|0,00|0,00|
|C170|1|000000180974||28,000|FL|76,72|0,00|0|090|1101||0,00|0,00|0,00|0,00|0,00|0,00||01||76,72|0,00|0,00|74|||||0,00|74|||||0,00||
|C190|090|1101|0,00|76,72|0,00|0,00|0,00|0,00|0,00|0,00|386251|
|C195|386251|020-Base Calc. Reduz.Conf.Inciso VIII do Art.8 Anexo IX Decr 4852/97 RCTEMoeda : Cartao|
|C100|0|1|10511|55|00|01|234375|52170405197310000161550010002343751111012042|12042017|13042017|195,30|0|0,00|0,00|195,30|2|0,00|0,00|0,00|0,00|0,00|0,00|0,00|0,00|0,00|0,00|0,00|0,00|
|C170|1|000000180989||1,000|CH|190,80|0,00|0|090|1949||0,00|0,00|0,00|0,00|0,00|0,00||00||190,80|0,00|0,00|74|||||0,00|74|||||0,00||
|C170|2|000000180990||10,000|MT|4,50|0,00|0|090|1949||0,00|0,00|0,00|0,00|0,00|0,00||00||4,50|0,00|0,00|74|||||0,00|74|||||0,00||
|C190|090|1949|0,00|195,30|0,00|0,00|0,00|0,00|0,00|0,00|386305|
|C195|386305|60317PEDIDO 92057167 TRANSACAO 1977843 CARREGAMENTO 0 COBRANCA PEDIDO Cartao de Credito VALOR 195.30OBS OBS1VENDEDOR 92VIRLEY BATISTA DA CUNHA CST20 VL.TOTAL 195.3 BASE ICMS 114.89V. ICMS19.53 OBSERVACAO ENTREGA FUTURAPRESTACOES 1DESD20170412 000000.0195.|
|C100|0|1|1197|55|00|000|76990|35170402740399000172550000000769901009604966|10042017|13042017|1918,00|1|0,00|0,00|1918,00|1|0,00|0,00|0,00|0,00|0,00|0,00|0,00|0,00|0,00|0,00|0,00|0,00|
|C170|1|000000181012||2,000|UNI|1918,00|0,00|0|190|2101||0,00|0,00|0,00|0,00|0,00|0,00||03||0,00|0,00|0,00|74|||||0,00|74|||||0,00||
|C190|190|2101|0,00|1918,00|0,00|0,00|0,00|0,00|0,00|0,00|386338|
|C195|386338|OC Cliente: SRA RAQUEL|
|C100|0|1|16584|55|00|01|1828|52170420996283000180550010000018281020004661|12042017|13042017|4067,00|0|0,00|0,00|4067,00|1|0,00|0,00|0,00|0,00|0,00|0,00|0,00|0,00|0,00|0,00|0,00|0,00|
|C170|1|000000180976||49,000|PCT|4067,00|0,00|0|090|1101||0,00|0,00|0,00|0,00|0,00|0,00|||||||74|||||0,00|74|||||0,00||
|C190|090|1101|0,00|4067,00|0,00|0,00|0,00|0,00|0,00|0,00|386485|
|C195|386485|EMPRESA ENQUADRADA NO SIMPLES NACIONAL CONFRME LEI COMPLEMENTAR N 123. PERMITE CREDITO DE  ICMS  DE 1,86%. R 75,64|
|C100|0|1|13850|55|00|01|3014|52170420442038000121550010000030141876655711|13042017|17042017|2760,00|1|0,00|0,00|2760,00|2|0,00|0,00|0,00|0,00|0,00|0,00|0,00|0,00|0,00|0,00|0,00|0,00|
|C170|1|000000178260||2,000|TB|2760,00|0,00|0|090|1101||0,00|0,00|0,00|0,00|0,00|0,00|||||||74|||||0,00|74|||||0,00||
|C190|090|1101|0,00|2760,00|0,00|0,00|0,00|0,00|0,00|0,00|386250|
|C195|386250|Prazo: 28 CLI: 503 ** PED: 3184 VEND: MARQUINHOS Sist Emis /LS:LORENA ** EMPRESA OPTANTE SIMPLES NACIONAL, LEI COMPL. NR. 123 DE 14/12/2006. PERMITE O APROVEITAMENTO DO CREDITO DO ICMS NO VALOR DE R 51,34  CORRESPONDENTE A ALIQUOTA DE 1,86%, NOS TERMOS|
|C100|0|1|4887|55|00|000|83597|52170455973366001534550000000835971680199684|13042017|17042017|203,30|1|0,00|0,00|203,30|1|0,00|0,00|0,00|0,00|0,00|0,00|0,00|0,00|0,00|0,00|0,00|0,00|
|C170|1|000000175705||1,000|PC1|101,65|0,00|0|090|1101||0,00|0,00|0,00|0,00|0,00|0,00|||||||74|||||0,00|74|||||0,00||
|C170|2|000000177843||1,000|PC1|101,65|0,00|0|090|1101||0,00|0,00|0,00|0,00|0,00|0,00|||||||74|||||0,00|74|||||0,00||
|C190|090|1101|0,00|203,30|0,00|0,00|0,00|0,00|0,00|0,00|386252|
|C195|386252|BASE CALC.REDUZIDA EM 41,17% CONF.ART.8 INC.VIII ANEXO IX DO RCTE - NroCarga: 1583694 - NroPedido: 2584498 *Certificados: BV-COC - 175269 - PASSALACQUA amp CIA LTDA - SOMENTE PRODUTOS ASSINALADOS COMO FSC SAO CERTIFICADOS. *FSCCREDITO MISTO / **FSCMI|
|C100|0|1|8283|55|00|01|92899|35170302531128000107550010000928991701449471|31032017|17042017|160700,04|1|0,00|0,00|140149,38|2|0,00|0,00|0,00|0,00|0,00|0,00|0,00|20550,66|0,00|0,00|0,00|0,00|
|C170|1|000000181007||5000,000|UND|110547,55|0,00|0|390|2101||0,00|0,00|0,00|0,00|0,00|0,00||00||110547,55|15,00|16582,13|74|||||0,00|74|||||0,00||
|C170|2|000000181009||4000,000|UND|26190,20|0,00|0|390|2101||0,00|0,00|0,00|0,00|0,00|0,00||00||26190,20|15,00|3928,53|74|||||0,00|74|||||0,00||
|C170|3|000000181001||3,000|UND|136,36|0,00|0|190|2101||0,00|0,00|0,00|0,00|0,00|0,00||00||136,36|10,00|13,64|74|||||0,00|74|||||0,00||
|C170|4|000000181008||2,000|UND|263,63|0,00|0|190|2101||0,00|0,00|0,00|0,00|0,00|0,00||00||263,63|10,00|26,36|74|||||0,00|74|||||0,00||
|C170|5|000000178278||300,000|UND|2258,21|0,00|0|290|2101||0,00|0,00|0,00|0,00|0,00|0,00||03||0,00|0,00|0,00|74|||||0,00|74|||||0,00||
|C170|6|000000173656||100,000|UND|753,43|0,00|0|090|2101||0,00|0,00|0,00|0,00|0,00|0,00||03||0,00|0,00|0,00|74|||||0,00|74|||||0,00||
|C190|090|2101|0,00|753,43|0,00|0,00|0,00|0,00|0,00|0,00|386328|
|C190|190|2101|0,00|439,99|0,00|0,00|0,00|0,00|0,00|40,00|386328|
|C190|290|2101|0,00|2258,21|0,00|0,00|0,00|0,00|0,00|0,00|386328|
|C190|390|2101|0,00|157248,41|0,00|0,00|0,00|0,00|0,00|20510,66|386328|
|C195|386328|NO CONFIGURA FATO GERADOR DO IPI CONFORME ART 35 DO DECRETO 7.212/2010** ICMS 4% conf Resoluo do Senado Federal nr 13/12, conv.ICMS 123/12. Contedo de importao 100%.**  **  ** Numero de remessa 1759666705 ** Retira ** Vend email ** Gleici Araujo **|
|C100|0|1|153|55|00|01|92534|52170403564438000190550010000925341000925344|13042017|17042017|110,69|0|0,00|0,00|110,69|1|0,00|0,00|0,00|0,00|0,00|0,00|0,00|0,00|0,00|0,00|0,00|0,00|
|C170|1|000000181038||1,000|PC|110,69|0,00|0|090|1101||0,00|0,00|0,00|0,00|0,00|0,00||01||110,69|0,00|0,00|74|||||0,00|74|||||0,00||
|C190|090|1101|0,00|110,69|0,00|0,00|0,00|0,00|0,00|0,00|386486|
|C195|386486|020-Base Calc. Reduz.Conf.Inciso VIII do Art.8 Anexo IX Decr 4852/97 RCTEMoeda : Dinheiro|
|C100|0|1|21015|55|00|01|45155|35170409429349000118550010000451551030658802|10042017|17042017|1488,96|0|0,00|0,00|1488,96|2|0,00|0,00|0,00|0,00|0,00|0,00|0,00|0,00|0,00|0,00|0,00|0,00|
|C170|1|000000181040||9,000|PC|1488,96|0,00|0|090|2101||0,00|0,00|0,00|0,00|0,00|0,00||49||1488,96|0,00|0,00|74|||||0,00|74|||||0,00||
|C190|090|2101|0,00|1488,96|0,00|0,00|0,00|0,00|0,00|0,00|386626|
|C195|386626|numero de coleta 367763gtgtgt PI: - Vendedor: RCAValor aproximado total dos tributos IBPT R Federal 204,29 - Estadual 178,68 - Municipal 0,00 - 25.72%|
|C100|1|0|4815|55|00|001|8831|52170403847530000168550010000088311000370173|18042017|18042017|12500,00|1|0,00|0,00|12500,00|9|0,00|0,00|0,00|0,00|0,00|0,00|0,00|0,00|0,00|0,00|0,00|0,00|
|C190|090|6949|0,00|12500,00|0,00|0,00|0,00|0,00|0,00|0,00|385483|
|C195|385483|NAO INCIDENCIA DE ICMS CONFORME ART 78 E 79 DO INCISO I LINHA E DO DECRETO 4.852/97. --  -- Total aproximado dos tributos R 3.931,25 31,45%, Fonte: IBPT|
|C100|1|0||55|02|1|8832|52170403847530000168550010000088321000369172|||||||||||||||||||||
|C100|1|0|20560|55|00|001|8833|52170403847530000168550010000088331000371174|18042017|18042017|4459,80|1|0,00|0,00|4459,80|1|0,00|0,00|0,00|0,00|0,00|0,00|0,00|0,00|0,00|0,00|0,00|0,00|
|C190|090|6949|0,00|4459,80|0,00|0,00|0,00|0,00|0,00|0,00|385485|
|C195|385485|NAO INCIDENCIA DE ICMS CONFORME ART 78 E 79 DO INCISO I LINHA E DO DECRETO 4.852/97. --  -- Total aproximado dos tributos R 1.402,61 31,45%, Fonte: IBPT|
|C100|1|0|8283|55|00|001|8834|52170403847530000168550010000088341000372178|18042017|18042017|25575,93|1|0,00|0,00|22245,86|2|0,00|0,00|0,00|22245,86|889,83|0,00|0,00|3330,07|0,00|0,00|0,00|0,00|
|C190|200|6201|4,00|150,00|136,36|5,45|0,00|0,00|0,00|13,64|385486|
|C190|300|6201|4,00|25425,93|22109,50|884,38|0,00|0,00|0,00|3316,43|385486|
|C195|385486|Devolucao parcial referente a NF nr.9289955/1 de 03/04/2017 --  -- Total aproximado dos tributos R 8.571,85 33,52%, Fonte: IBPT|
|C100|1|0||55|02|1|8835|52170403847530000168550010000088351000373171|||||||||||||||||||||
|C100|1|0|117|55|00|001|8836|52170403847530000168550010000088361000374175|18042017|18042017|10094,78|1|0,00|0,00|10094,78|1|0,00|0,00|0,00|0,00|0,00|0,00|0,00|0,00|0,00|0,00|0,00|0,00|
|C190|090|5949|0,00|10094,78|0,00|0,00|0,00|0,00|0,00|0,00|385488|
|C195|385488|NAO INCIDENCIA DE ICMS CONFORME ART 78 E 79 DO INCISO I LINHA E DO DECRETO 4.852/97. --  -- Total aproximado dos tributos R 3.174,81 31,45%, Fonte: IBPT|
|C100|1|0||55|02|1|8837|52170403847530000168550010000088371000375179|||||||||||||||||||||
|C100|1|0|128|55|00|001|8838|52170403847530000168550010000088381000376172|18042017|18042017|917,03|1|0,00|0,00|917,03|1|0,00|0,00|0,00|0,00|0,00|0,00|0,00|0,00|0,00|0,00|0,00|0,00|
|C190|090|6949|0,00|917,03|0,00|0,00|0,00|0,00|0,00|0,00|385490|
|C195|385490|NAO INCIDENCIA DE ICMS CONFORME ART 78 E 79 DO INCISO I LINHA E DO DECRETO 4.852/97. --  -- Total aproximado dos tributos R 288,41 31,45%, Fonte: IBPT|
|C100|1|0|17040|55|00|001|8839|52170403847530000168550010000088391000377176|18042017|18042017|2914,98|1|0,00|0,00|2914,98|1|0,00|0,00|0,00|0,00|0,00|0,00|0,00|0,00|0,00|0,00|0,00|0,00|
|C190|090|6949|0,00|2914,98|0,00|0,00|0,00|0,00|0,00|0,00|385491|
|C195|385491|NAO INCIDENCIA DE ICMS CONFORME ART 78 E 79 DO INCISO I LINHA E DO DECRETO 4.852/97. --  -- Total aproximado dos tributos R 916,76 31,45%, Fonte: IBPT|
|C100|1|0||55|02|1|8840|52170403847530000168550010000088401000378173|||||||||||||||||||||
|C100|1|0|11780|55|00|001|8841|52170403847530000168550010000088411000379177|18042017|18042017|2336,88|1|0,00|0,00|2336,88|1|0,00|0,00|0,00|0,00|0,00|0,00|0,00|0,00|0,00|0,00|0,00|0,00|
|C190|090|6949|0,00|2336,88|0,00|0,00|0,00|0,00|0,00|0,00|385493|
|C195|385493|NAO INCIDENCIA DE ICMS CONFORME ART 78 E 79 DO INCISO I LINHA E DO DECRETO 4.852/97.MATERIAL SERA RETIRADO PELA GRAFICA IPANEMA PALMAS , CNPJ: 11.591.201/0001-27 -- Valor do Diferencial de Aliquota do ICMS 6,00% R 140,21 partilha: TO 60% R 84,13, GO 40|
|C100|1|0|1197|55|00|001|8842|52170403847530000168550010000088421000380172|18042017|18042017|1918,00|1|0,00|0,00|1918,00|2|0,00|0,00|0,00|1918,00|76,72|0,00|0,00|0,00|0,00|0,00|0,00|0,00|
|C190|100|6201|4,00|1918,00|1918,00|76,72|0,00|0,00|0,00|0,00|385494|
|C195|385494|Devolucao integral referente a NF nr.7699055/1 de 10/04/2017 --  -- Total aproximado dos tributos R 603,21 31,45%, Fonte: IBPT|
|C100|0|1|5064|55|00|004|125782|52170437886462000168550040001257821002533591|17042017|18042017|131,04|1|0,00|0,00|131,04|2|0,00|0,00|0,00|0,00|0,00|0,00|0,00|0,00|0,00|0,00|0,00|0,00|
|C170|1|000000180995||1,000|PC|14,18|0,00|0|060|1949||0,00|0,00|0,00|0,00|0,00|0,00|||||||74|||||0,00|74|||||0,00||
|C170|2|000000180994||1,000|PC|14,26|0,00|0|060|1949||0,00|0,00|0,00|0,00|0,00|0,00|||||||74|||||0,00|74|||||0,00||
|C170|3|000000180991||1,000|PC|12,00|0,00|0|060|1949||0,00|0,00|0,00|0,00|0,00|0,00|||||||74|||||0,00|74|||||0,00||
|C170|4|000000180993||2,000|MT|78,90|0,00|0|090|1949||0,00|0,00|0,00|0,00|0,00|0,00|||||||74|||||0,00|74|||||0,00||
|C170|5|000000180992||2,000|PC|11,70|0,00|0|060|1949||0,00|0,00|0,00|0,00|0,00|0,00|||||||74|||||0,00|74|||||0,00||
|C190|060|1949|0,00|52,14|0,00|0,00|0,00|0,00|0,00|0,00|386306|
|C190|090|1949|0,00|78,90|0,00|0,00|0,00|0,00|0,00|0,00|386306|
|C195|386306|PRODUTO USO NAO AUTOMOTIVO, DEVOLUCOES APENAS C/ AUTORIZACAO DO DEPTO COMERCIAL NO PRAZO DE ATE 30 DIAS.ICMS SUBSTITUICAO TRIBUTARIA NOS TERMOS DA CLAUSULA 2 , INCISO 5 PROTOCOLO ICMS 41/2008 DECRETO 7.339 E/OU PROTOCOLO 85/2011 DECRETO 7.528/2011... DEV|
|C100|0|1|3346|55|00|01|57842|35170404466351000224550010000578421000610374|18042017|18042017|1317,50|1|0,00|0,00|1317,50|2|0,00|0,00|0,00|0,00|0,00|0,00|0,00|0,00|0,00|0,00|0,00|0,00|
|C170|1|000000176178||9,600|KG|1317,50|0,00|0|090|2101||0,00|0,00|0,00|0,00|0,00|0,00|||||||74|||||0,00|74|||||0,00||
|C190|090|2101|0,00|1317,50|0,00|0,00|0,00|0,00|0,00|0,00|386339|
|C195|386339|Func.: 258.  Pedido: 61294|
|C100|0|1|8283|55|00|01|93278|35170402531128000107550010000932781078109309|07042017|18042017|21645,57|1|0,00|0,00|20097,43|1|0,00|0,00|1548,14|0,00|0,00|0,00|0,00|0,00|0,00|0,00|0,00|0,00|
|C170|1|000000144798||1,000|PCS|9232,10|0,00|0|190|2949||0,00|0,00|0,00|0,00|0,00|0,00||03||0,00|0,00|0,00|74|||||0,00|74|||||0,00||
|C170|2|000000144797||1,000|PCS|10865,33|0,00|0|190|2949||0,00|0,00|0,00|0,00|0,00|0,00||03||0,00|0,00|0,00|74|||||0,00|74|||||0,00||
|C190|190|2949|0,00|21645,57|0,00|0,00|0,00|0,00|0,00|0,00|386369|
|C195|386369|ICMS 4% conf Resoluo do Senado Federal nr 13/12, conv.ICMS 123/12. Contedo de importao 100%.**  **  ** Numero de remessa 1759674643 ** Pick up ** Sr. Luciano ** Elder Machado **Descrio complementar: Valor aproximado dos impostos R 4272.98 ,e perce|
|C100|1|0|10762|55|00|001|8843|52170403847530000168550010000088431000381176|19042017|19042017|19190,00|1|0,00|0,00|19190,00|9|0,00|0,00|0,00|0,00|0,00|0,00|0,00|0,00|0,00|0,00|0,00|0,00|
|C190|090|5949|0,00|19190,00|0,00|0,00|0,00|0,00|0,00|0,00|385495|
|C195|385495|NAO INCIDENCIA DE ICMS CONFORME ART 78 E 79 DO INCISO I LINHA E DO DECRETO 4.852/97. --  -- Total aproximado dos tributos R 6.035,26 31,45%, Fonte: IBPT|
|C100|1|0|15502|55|00|001|8844|52170403847530000168550010000088441000382170|19042017|19042017|35,00|1|0,00|0,00|35,00|9|0,00|0,00|0,00|0,00|0,00|0,00|0,00|0,00|0,00|0,00|0,00|0,00|
|C190|090|5949|0,00|35,00|0,00|0,00|0,00|0,00|0,00|0,00|385496|
|C195|385496|ISENTO DE ICMS CONFORME ARTIGO 6, INCISO 74, ANEXO 9, LEI 4.852/97. OBS.: VENDA DE SUCATA DE PAPEIS. --  -- Total aproximado dos tributos R 11,01 31,45%, Fonte: IBPT|
|C100|1|0|20965|55|00|001|8845|52170403847530000168550010000088451000383173|19042017|19042017|995,00|1|0,00|0,00|995,00|1|0,00|0,00|0,00|0,00|0,00|0,00|0,00|0,00|0,00|0,00|0,00|0,00|
|C190|090|6949|0,00|995,00|0,00|0,00|0,00|0,00|0,00|0,00|385497|
|C195|385497|NAO INCIDENCIA DE ICMS CONFORME ART 78 E 79 DO INCISO I LINHA E DO DECRETO 4.852/97. -- Valor do Diferencial de Aliquota do ICMS 6,00% R 59,70 partilha: TO 60% R 35,82, GO 40% R 23,88 --  -- Total aproximado dos tributos R 312,93 31,45%, Fonte: IBP|
|C100|1|0|18211|55|00|001|8846|52170403847530000168550010000088461000384177|19042017|19042017|596,00|1|0,00|0,00|596,00|1|0,00|0,00|0,00|0,00|0,00|0,00|0,00|0,00|0,00|0,00|0,00|0,00|
|C190|090|6949|0,00|596,00|0,00|0,00|0,00|0,00|0,00|0,00|385498|
|C195|385498|NAO INCIDENCIA DE ICMS CONFORME ART 78 E 79 DO INCISO I LINHA E DO DECRETO 4.852/97.MATERIAL SERA RETIRADO PELA GRAFICA IPANEMA PALMAS . --  -- Total aproximado dos tributos R 187,44 31,45%, Fonte: IBPT|
|C100|1|0|16533|55|00|001|8847|52170403847530000168550010000088471000385170|19042017|19042017|839,20|1|0,00|0,00|839,20|1|0,00|0,00|0,00|0,00|0,00|0,00|0,00|0,00|0,00|0,00|0,00|0,00|
|C190|090|6949|0,00|839,20|0,00|0,00|0,00|0,00|0,00|0,00|385499|
|C195|385499|NAO INCIDENCIA DE ICMS CONFORME ART 78 E 79 DO INCISO I LINHA E DO DECRETO 4.852/97. --  -- Total aproximado dos tributos R 263,93 31,45%, Fonte: IBPT|
|C100|1|0|1045|55|00|001|8848|52170403847530000168550010000088481000386174|19042017|19042017|1227,35|1|0,00|0,00|1227,35|1|0,00|0,00|0,00|0,00|0,00|0,00|0,00|0,00|0,00|0,00|0,00|0,00|
|C190|090|6949|0,00|1227,35|0,00|0,00|0,00|0,00|0,00|0,00|385500|
|C195|385500|NAO INCIDENCIA DE ICMS CONFORME ART 78 E 79 DO INCISO I LINHA E DO DECRETO 4.852/97. --  -- Total aproximado dos tributos R 386,00 31,45%, Fonte: IBPT|
|C100|1|0|144|55|00|001|8849|52170403847530000168550010000088491000387178|19042017|19042017|2489,95|1|0,00|0,00|2489,95|1|0,00|0,00|0,00|0,00|0,00|0,00|0,00|0,00|0,00|0,00|0,00|0,00|
|C190|090|6949|0,00|2489,95|0,00|0,00|0,00|0,00|0,00|0,00|385501|
|C195|385501|NAO INCIDENCIA DE ICMS CONFORME ART 78 E 79 DO INCISO I LINHA E DO DECRETO 4.852/97. --  -- Total aproximado dos tributos R 783,09 31,45%, Fonte: IBPT|
|C100|0|1|112|55|00|01|37221|52170416404287029994550010000372211267179831|18042017|19042017|3193,42|1|0,00|0,00|3193,42|2|0,00|0,00|0,00|0,00|0,00|0,00|0,00|0,00|0,00|0,00|0,00|0,00|
|C170|1|000000180975||64,000|PCT|3193,42|0,00|0|090|1101||0,00|0,00|0,00|0,00|0,00|0,00||54||0,00|0,00|0,00|74|||||0,00|74|||||0,00||
|C190|090|1101|0,00|3193,42|0,00|0,00|0,00|0,00|0,00|0,00|386253|
|C195|386253|Numero DT: 2224620 NAO INCIDENCIA DE ICMS CONFORME ARTIGO 79o, INCISO I ALINEA D DO RICMS/ IPI - Imune conforme Art.18 inciso I do Dec. 7.212/10-RIPI Condicoes de Pagamento: 07 DDL BOLETO Produtos certificados FSC. FSC Misto 70%. RA-COC-001983-M Docs. R|
|C100|0|1|112|55|00|01|37244|52170416404287029994550010000372441557649711|18042017|19042017|1194,00|1|0,00|0,00|1137,14|2|0,00|0,00|0,00|0,00|0,00|0,00|0,00|56,86|0,00|0,00|0,00|0,00|
|C170|1|000000052993||11,000|TO|1137,14|0,00|0|090|1101||0,00|0,00|0,00|0,00|0,00|0,00||00||1137,14|5,00|56,86|74|||||0,00|74|||||0,00||
|C190|090|1101|0,00|1194,00|0,00|0,00|0,00|0,00|0,00|56,86|386254|
|C195|386254|Numero DT: 2225514 REDUCAO DE 41,18% NA BASE DE CALCULO DE ICMS CORFORME ARTIGO 8 INC VIII ALINEA A DECRETO 4.852/97. Condicoes de Pagamento: 07 DDL BOLETO Produtos certificados FSC. FSC Misto 70%. RA-COC-001983-M Docs. Referencia: 6200381 / 6200381 / 8|
|C100|0|1|13850|55|00|01|3024|52170420442038000121550010000030241675519485|18042017|19042017|2082,00|1|0,00|0,00|2082,00|2|0,00|0,00|0,00|0,00|0,00|0,00|0,00|0,00|0,00|0,00|0,00|0,00|
|C170|1|000000044456||60,000|PT|2082,00|0,00|0|090|1101||0,00|0,00|0,00|0,00|0,00|0,00|||||||74|||||0,00|74|||||0,00||
|C190|090|1101|0,00|2082,00|0,00|0,00|0,00|0,00|0,00|0,00|386255|
|C195|386255|Prazo: 28 CLI: 503 ** PED: 3200 VEND: MARQUINHOS Sist Emis /LS:LORENA ** EMPRESA OPTANTE SIMPLES NACIONAL, LEI COMPL. NR. 123 DE 14/12/2006. PERMITE O APROVEITAMENTO DO CREDITO DO ICMS NO VALOR DE R 38,73  CORRESPONDENTE A ALIQUOTA DE 1,86%, NOS TERMOS|
|C100|0|1|16584|55|00|01|1838|52170420996283000180550010000018381090000432|18042017|19042017|6640,00|0|0,00|0,00|6640,00|1|0,00|0,00|0,00|0,00|0,00|0,00|0,00|0,00|0,00|0,00|0,00|0,00|
|C170|1|000000180976||80,000|PCT|6640,00|0,00|0|090|1101||0,00|0,00|0,00|0,00|0,00|0,00|||||||74|||||0,00|74|||||0,00||
|C190|090|1101|0,00|6640,00|0,00|0,00|0,00|0,00|0,00|0,00|386256|
|C195|386256|EMPRESA ENQUADRADA NO SIMPLES NACIONAL CONFORME LEI COMPLEMENTAR N 123. PERMITE CREDITO DE ICMS DE 1,86%. R 123,50.   CONTA PARA DEPSITO: BANCO DO BRASIL  AG 3888-1 CC 30.607-X - R  A DA SILVA PAPIS|
|C100|0|1|14417|55|00|01|13809|52170405608441000194550010000138091000138091|17042017|19042017|3947,82|0|0,00|0,00|3947,82|1|0,00|0,00|0,00|0,00|0,00|0,00|0,00|0,00|0,00|0,00|0,00|0,00|
|C170|1|000000051268||47,690|LT|173,59|0,00|0|060|1653||0,00|0,00|0,00|0,00|0,00|0,00|||||||74|||||0,00|74|||||0,00||
|C170|2|000000051268||30,000|LT|107,67|0,00|0|060|1653||0,00|0,00|0,00|0,00|0,00|0,00|||||||74|||||0,00|74|||||0,00||
|C170|3|000000051268||44,468|LT|160,04|0,00|0|060|1653||0,00|0,00|0,00|0,00|0,00|0,00|||||||74|||||0,00|74|||||0,00||
|C170|4|000000051267||403,007|LT|1248,92|0,00|0|060|1653||0,00|0,00|0,00|0,00|0,00|0,00|||||||74|||||0,00|74|||||0,00||
|C170|5|000000051268||119,031|LT|416,49|0,00|0|060|1653||0,00|0,00|0,00|0,00|0,00|0,00|||||||74|||||0,00|74|||||0,00||
|C170|6|000000051268||171,261|LT|604,38|0,00|0|060|1653||0,00|0,00|0,00|0,00|0,00|0,00|||||||74|||||0,00|74|||||0,00||
|C170|7|000000051268||204,558|LT|795,73|0,00|0|060|1653||0,00|0,00|0,00|0,00|0,00|0,00|||||||74|||||0,00|74|||||0,00||
|C170|8|000000180215||9,000|UNI|115,20|0,00|0|060|1653||0,00|0,00|0,00|0,00|0,00|0,00|||||||74|||||0,00|74|||||0,00||
|C170|9|000000061261||1,000|UNI|31,51|0,00|0|060|1653||0,00|0,00|0,00|0,00|0,00|0,00|||||||74|||||0,00|74|||||0,00||
|C170|10|000000061967||1,000|UNI|21,29|0,00|0|060|1653||0,00|0,00|0,00|0,00|0,00|0,00|||||||74|||||0,00|74|||||0,00||
|C170|11|000000174121||1,000|UNI|22,14|0,00|0|060|1653||0,00|0,00|0,00|0,00|0,00|0,00|||||||74|||||0,00|74|||||0,00||
|C170|12|000000180988||1,000|UNI|42,67|0,00|0|060|1653||0,00|0,00|0,00|0,00|0,00|0,00|||||||74|||||0,00|74|||||0,00||
|C170|13|000000175726||5,000|LT|149,05|0,00|0|060|1653||0,00|0,00|0,00|0,00|0,00|0,00|||||||74|||||0,00|74|||||0,00||
|C170|14|000000180987||1,000|LT|25,00|0,00|0|060|1653||0,00|0,00|0,00|0,00|0,00|0,00|||||||74|||||0,00|74|||||0,00||
|C170|15|000000180214||1,000|UNI|34,14|0,00|0|060|1653||0,00|0,00|0,00|0,00|0,00|0,00|||||||74|||||0,00|74|||||0,00||
|C190|060|1653|0,00|3947,82|0,00|0,00|0,00|0,00|0,00|0,00||
|C100|1|0|20808|55|00|001|8850|52170403847530000168550010000088501000388175|20042017|20042017|270,55|1|0,00|0,00|270,55|1|0,00|0,00|0,00|0,00|0,00|0,00|0,00|0,00|0,00|0,00|0,00|0,00|
|C190|090|6949|0,00|270,55|0,00|0,00|0,00|0,00|0,00|0,00|385502|
|C195|385502|NAO INCIDENCIA DE ICMS CONFORME ART 78 E 79 DO INCISO I LINHA E DO DECRETO 4.852/97. --  -- Total aproximado dos tributos R 85,09 31,45%, Fonte: IBPT|
|C100|1|0|18961|55|00|001|8851|52170403847530000168550010000088511000389179|20042017|20042017|2121,91|1|0,00|0,00|2121,91|1|0,00|0,00|0,00|0,00|0,00|0,00|0,00|0,00|0,00|0,00|0,00|0,00|
|C190|090|6949|0,00|2121,91|0,00|0,00|0,00|0,00|0,00|0,00|385503|
|C195|385503|NAO INCIDENCIA DE ICMS CONFORME ART 78 E 79 DO INCISO I LINHA E DO DECRETO 4.852/97. --  -- Total aproximado dos tributos R 667,34 31,45%, Fonte: IBPT|
|C100|1|0|16277|55|00|001|8852|52170403847530000168550010000088521000390174|20042017|20042017|484,46|1|0,00|0,00|484,46|1|0,00|0,00|0,00|0,00|0,00|0,00|0,00|0,00|0,00|0,00|0,00|0,00|
|C190|090|6949|0,00|484,46|0,00|0,00|0,00|0,00|0,00|0,00|385504|
|C195|385504|NAO INCIDENCIA DE ICMS CONFORME ART 78 E 79 DO INCISO I LINHA E DO DECRETO 4.852/97. --  -- Total aproximado dos tributos R 152,36 31,45%, Fonte: IBPT|
|C100|1|0|1044|55|00|001|8853|52170403847530000168550010000088531000391178|20042017|20042017|529,41|1|0,00|0,00|529,41|1|0,00|0,00|0,00|0,00|0,00|0,00|0,00|0,00|0,00|0,00|0,00|0,00|
|C190|090|6949|0,00|529,41|0,00|0,00|0,00|0,00|0,00|0,00|385505|
|C195|385505|NAO INCIDENCIA DE ICMS CONFORME ART 78 E 79 DO INCISO I LINHA E DO DECRETO 4.852/97. --  -- Total aproximado dos tributos R 166,50 31,45%, Fonte: IBPT|
|C100|1|0|146|55|00|001|8854|52170403847530000168550010000088541000392171|20042017|20042017|2245,71|1|0,00|0,00|2245,71|1|0,00|0,00|0,00|0,00|0,00|0,00|0,00|0,00|0,00|0,00|0,00|0,00|
|C190|090|6949|0,00|2245,71|0,00|0,00|0,00|0,00|0,00|0,00|385506|
|C195|385506|NAO INCIDENCIA DE ICMS CONFORME ART 78 E 79 DO INCISO I LINHA E DO DECRETO 4.852/97. --  -- Total aproximado dos tributos R 706,28 31,45%, Fonte: IBPT|
|C100|1|0|4827|55|00|001|8855|52170403847530000168550010000088551000393175|20042017|20042017|10000,00|1|0,00|0,00|10000,00|9|0,00|0,00|0,00|0,00|0,00|0,00|0,00|0,00|0,00|0,00|0,00|0,00|
|C190|090|6949|0,00|10000,00|0,00|0,00|0,00|0,00|0,00|0,00|385507|
|C195|385507|NAO INCIDENCIA DE ICMS CONFORME ART 78 E 79 DO INCISO I LINHA E DO DECRETO 4.852/97. --  -- Total aproximado dos tributos R 3.145,00 31,45%, Fonte: IBPT|
|C100|1|0|18569|55|00|001|8856|52170403847530000168550010000088561000394179|20042017|20042017|2800,00|1|0,00|0,00|2800,00|2|0,00|0,00|0,00|0,00|0,00|0,00|0,00|0,00|0,00|0,00|0,00|0,00|
|C190|090|5949|0,00|2800,00|0,00|0,00|0,00|0,00|0,00|0,00|385508|
|C195|385508|NAO INCIDENCIA DE ICMS CONFORME ART 78 E 79 DO INCISO I LINHA E DO DECRETO 4.852/97. --  -- Total aproximado dos tributos R 880,60 31,45%, Fonte: IBPT|
|C100|1|0|11261|55|00|001|8857|52170403847530000168550010000088571000395172|20042017|20042017|1550,00|1|0,00|0,00|1550,00|2|0,00|0,00|0,00|0,00|0,00|0,00|0,00|0,00|0,00|0,00|0,00|0,00|
|C190|090|5949|0,00|1550,00|0,00|0,00|0,00|0,00|0,00|0,00|385509|
|C195|385509|NAO INCIDENCIA DE ICMS CONFORME ART 78 E 79 DO INCISO I LINHA E DO DECRETO 4.852/97.  --  -- Total aproximado dos tributos R 487,48 31,45%, Fonte: IBPT|
|C100|1|0|3938|55|00|001|8858|52170403847530000168550010000088581000396176|20042017|20042017|3000,00|1|0,00|0,00|3000,00|2|0,00|0,00|0,00|0,00|0,00|0,00|0,00|0,00|0,00|0,00|0,00|0,00|
|C190|090|5949|0,00|3000,00|0,00|0,00|0,00|0,00|0,00|0,00|385510|
|C195|385510|NAO INCIDENCIA DE ICMS CONFORME ART 78 E 79 DO INCISO I LINHA E DO DECRETO 4.852/97. --  -- Total aproximado dos tributos R 943,50 31,45%, Fonte: IBPT|
|C100|1|0|20966|55|00|001|8859|52170403847530000168550010000088591000397170|20042017|20042017|650,00|1|0,00|0,00|650,00|1|0,00|0,00|0,00|0,00|0,00|0,00|0,00|0,00|0,00|0,00|0,00|0,00|
|C190|090|6949|0,00|650,00|0,00|0,00|0,00|0,00|0,00|0,00|385511|
|C195|385511|NAO INCIDENCIA DE ICMS CONFORME ART 78 E 79 DO INCISO I LINHA E DO DECRETO 4.852/97. -- Valor do Diferencial de Aliquota do ICMS 6,00% R 39,00 partilha: BA 60% R 23,40, GO 40% R 15,60 --  -- Total aproximado dos tributos R 204,43 31,45%, Fonte: IBP|
|C100|1|0|7024|55|00|001|8860|52170403847530000168550010000088601000398177|20042017|20042017|950,00|1|0,00|0,00|950,00|1|0,00|0,00|0,00|0,00|0,00|0,00|0,00|0,00|0,00|0,00|0,00|0,00|
|C190|090|6949|0,00|950,00|0,00|0,00|0,00|0,00|0,00|0,00|385512|
|C195|385512|NAO INCIDENCIA DE ICMS CONFORME ART 78 E 79 DO INCISO I LINHA E DO DECRETO 4.852/97. -- Valor do Diferencial de Aliquota do ICMS 6,00% R 57,00 partilha: TO 60% R 34,20, GO 40% R 22,80 --  -- Total aproximado dos tributos R 298,77 31,45%, Fonte: IBP|
|C100|1|0|11780|55|00|001|8861|52170403847530000168550010000088611000399170|20042017|20042017|2000,00|1|0,00|0,00|2000,00|1|0,00|0,00|0,00|0,00|0,00|0,00|0,00|0,00|0,00|0,00|0,00|0,00|
|C190|090|6949|0,00|2000,00|0,00|0,00|0,00|0,00|0,00|0,00|385513|
|C195|385513|NAO INCIDENCIA DE ICMS CONFORME ART 78 E 79 DO INCISO I LINHA E DO DECRETO 4.852/97.MATERIAL SERA RETIRADO PELA GRAFICA IPANEMA PALMAS , CNPJ: 11.591.201/0001-27 -- Valor do Diferencial de Aliquota do ICMS 6,00% R 120,00 partilha: TO 60% R 72,00, GO 40|
|C100|1|0|16530|55|00|001|8862|52170403847530000168550010000088621000400176|20042017|20042017|275,00|1|0,00|0,00|275,00|1|0,00|0,00|0,00|0,00|0,00|0,00|0,00|0,00|0,00|0,00|0,00|0,00|
|C190|090|6949|0,00|275,00|0,00|0,00|0,00|0,00|0,00|0,00|385514|
|C195|385514|NAO INCIDENCIA DE ICMS CONFORME ART 78 E 79 DO INCISO I LINHA E DO DECRETO 4.852/97.MATERIAL SERA RETIRADO PELA GRAFICA IPANEMA PALMAS, CNPJ: 11.591.201/0001-27 --  -- Total aproximado dos tributos R 86,49 31,45%, Fonte: IBPT|
|C100|1|0|18573|55|00|001|8863|52170403847530000168550010000088631000401170|20042017|20042017|1100,00|1|0,00|0,00|1100,00|1|0,00|0,00|0,00|0,00|0,00|0,00|0,00|0,00|0,00|0,00|0,00|0,00|
|C190|090|6949|0,00|1100,00|0,00|0,00|0,00|0,00|0,00|0,00|385515|
|C195|385515|NAO INCIDENCIA DE ICMS CONFORME ART 78 E 79 DO INCISO I LINHA E DO DECRETO 4.852/97.MATERIAL SERA RETIRADO PELA GRAFICA IPANEMA PALMAS , CNPJ: 11.591.201/0001-27 -- Valor do Diferencial de Aliquota do ICMS 6,00% R 66,00 partilha: TO 60% R 39,60, GO 40%|
|C100|1|0|18844|55|00|001|8864|52170403847530000168550010000088641000402173|20042017|20042017|565,00|1|0,00|0,00|565,00|1|0,00|0,00|0,00|0,00|0,00|0,00|0,00|0,00|0,00|0,00|0,00|0,00|
|C190|090|5949|0,00|565,00|0,00|0,00|0,00|0,00|0,00|0,00|385516|
|C195|385516|NAO INCIDENCIA DE ICMS CONFORME ART 78 E 79 DO INCISO I LINHA E DO DECRETO 4.852/97. A/C EMERSON - TEL 62 99249-5436 --  -- Total aproximado dos tributos R 177,69 31,45%, Fonte: IBPT|
|C100|0|1|4887|55|00|000|83937|52170455973366001534550000000839371521014721|20042017|20042017|372,66|1|0,00|0,00|372,66|1|0,00|0,00|0,00|0,00|0,00|0,00|0,00|0,00|0,00|0,00|0,00|0,00|
|C170|1|000000178253||2,000|PC1|193,70|0,00|0|090|1101||0,00|0,00|0,00|0,00|0,00|0,00|||||||74|||||0,00|74|||||0,00||
|C170|2|000000178257||2,000|PC1|178,96|0,00|0|090|1101||0,00|0,00|0,00|0,00|0,00|0,00|||||||74|||||0,00|74|||||0,00||
|C190|090|1101|0,00|372,66|0,00|0,00|0,00|0,00|0,00|0,00|386258|
|C195|386258|BASE CALC.REDUZIDA EM 41,17% CONF.ART.8 INC.VIII ANEXO IX DO RCTE - NroCarga: 1587171 - NroPedido: 2589899 - Forma Pagto: BOLETO EMPRESA  - Rota: 22 - GOIANIA|
|C100|0|1|112|55|00|01|37309|52170416404287029994550010000373091043297300|19042017|20042017|1956,35|1|0,00|0,00|1863,19|2|0,00|0,00|0,00|0,00|0,00|0,00|0,00|93,16|0,00|0,00|0,00|0,00|
|C170|1|000000177441||18,000|PCT|1863,19|0,00|0|190|1101||0,00|0,00|0,00|0,00|0,00|0,00||00||1863,19|5,00|93,16|74|||||0,00|74|||||0,00||
|C190|190|1101|0,00|1956,35|0,00|0,00|0,00|0,00|0,00|93,16|386259|
|C195|386259|Numero DT: 2227940 REDUCAO DE 41,18% NA BASE DE CALCULO DE ICMS CORFORME ARTIGO 8 INC VIII ALINEA A DECRETO 4.852/97. Condicoes de Pagamento: 07 DDL BOLETO Produtos certificados FSC. FSC Credito Misto. RA-COC-001983-M Docs. Referencia: 6203181 / 6203181|
|C100|0|1|7035|55|00|01|1954|52170416671294000113550010000019541709130024|19042017|20042017|260,50|1|0,00|0,00|260,50|1|0,00|0,00|0,00|0,00|0,00|0,00|0,00|0,00|0,00|0,00|0,00|0,00|
|C110|724|INFORMAES ADICIONAIS DE INTERESSE DO FISCO DOCUMENTO EMITIDO POR  EPP OPTANTE PELO SIMPLES NACIONAL NO GERA CREDITO FISCAL DE IPI.|
|C170|1|000000180977||1,000|KG|90,00|0,00|0|090|1101||0,00|0,00|0,00|0,00|0,00|0,00||49||90,00|0,00|0,00|74|||||0,00|74|||||0,00||
|C170|2|000000054133||2,000|KG|170,50|0,00|0|090|1101||0,00|0,00|0,00|0,00|0,00|0,00||49||170,50|0,00|0,00|74|||||0,00|74|||||0,00||
|C190|090|1101|0,00|260,50|0,00|0,00|0,00|0,00|0,00|0,00||
|C100|0|1|4887|55|00|000|83817|52170455973366001534550000000838171430565077|19042017|20042017|11614,93|1|0,00|0,00|11551,52|1|0,00|0,00|0,00|0,00|0,00|0,00|0,00|63,41|0,00|0,00|0,00|0,00|
|C170|1|000000180978||116,000|PC1|10283,40|0,00|0|090|1101||0,00|0,00|0,00|0,00|0,00|0,00|||||||74|||||0,00|74|||||0,00||
|C170|2|000000054125||14,000|PC1|1268,12|0,00|0|190|1101||0,00|0,00|0,00|0,00|0,00|0,00||00||1268,12|5,00|63,41|74|||||0,00|74|||||0,00||
|C190|090|1101|0,00|10283,40|0,00|0,00|0,00|0,00|0,00|0,00|386261|
|C190|190|1101|0,00|1331,53|0,00|0,00|0,00|0,00|0,00|63,41|386261|
|C195|386261|BASE CALC.REDUZIDA EM 41,17% CONF.ART.8 INC.VIII ANEXO IX DO RCTE - NroCarga: 1586308 - NroPedido: 2588426 *Certificados: BV-COC - 175269 - PASSALACQUA amp CIA LTDA - SOMENTE PRODUTOS ASSINALADOS COMO FSC SAO CERTIFICADOS. *FSCCREDITO MISTO / **FSCMI|
|C100|0|1|112|55|00|01|37278|52170416404287029994550010000372781661253495|19042017|20042017|4941,32|1|0,00|0,00|4706,01|2|0,00|0,00|0,00|0,00|0,00|0,00|0,00|235,31|0,00|0,00|0,00|0,00|
|C170|1|000000049323||47,000|TO|4291,10|0,00|0|590|1101||0,00|0,00|0,00|0,00|0,00|0,00||00||4291,10|5,00|214,56|74|||||0,00|74|||||0,00||
|C170|2|000000052993||4,000|TO|414,91|0,00|0|090|1101||0,00|0,00|0,00|0,00|0,00|0,00||00||414,91|5,00|20,75|74|||||0,00|74|||||0,00||
|C190|090|1101|0,00|435,66|0,00|0,00|0,00|0,00|0,00|20,75|386262|
|C190|590|1101|0,00|4505,66|0,00|0,00|0,00|0,00|0,00|214,56|386262|
|C195|386262|Numero DT: 2226847 REDUCAO DE 41,18% NA BASE DE CALCULO DE ICMS CORFORME ARTIGO 8 INC VIII ALINEA A DECRETO 4.852/97. Condicoes de Pagamento: 07 DDL BOLETO Produtos certificados FSC. FSC Misto 70%. RA-COC-001983-M Docs. Referencia: 6201838 / 6201838 / 8|
|C100|0|1|21005|55|00|01|1367|52170424326385000140550010000013671000015722|19042017|20042017|93,75|1|0,00|0,00|93,75|2|0,00|0,00|0,00|0,00|0,00|0,00|0,00|0,00|0,00|0,00|0,00|0,00|
|C170|1|000000180979||15,000|KG|93,75|0,00|0|590|1101||0,00|0,00|0,00|0,00|0,00|0,00|||||||74|||||0,00|74|||||0,00||
|C190|590|1101|0,00|93,75|0,00|0,00|0,00|0,00|0,00|0,00|386263|
|C195|386263|Trib aprox R 3,93 Federal, 15,93 Estadual e 0,00 MunicipalFonte: IBPT Ar5Fr7Reducao da base de calculo. Red. conforme artivo 8 inciso VIII , anexo IX do RCTEVendedor: 1 - AUTO ATENDIMENTO|
|C100|0|1|8024|55|00|01|2314|53170409010668000194550010000023141004640320|18042017|20042017|1640,00|1|0,00|0,00|1640,00|1|0,00|0,00|0,00|0,00|0,00|0,00|0,00|0,00|0,00|0,00|0,00|0,00|
|C170|1|000000181014||4,000|UNI|1640,00|0,00|0|090|2101||0,00|0,00|0,00|0,00|0,00|0,00|||||||74|||||0,00|74|||||0,00||
|C190|090|2101|0,00|1640,00|0,00|0,00|0,00|0,00|0,00|0,00|386341|
|C195|386341|Empresa Optante pelo Simples Trib aprox R: 258,14 Federal 196,80 Estadual Fonte: IBPT W7m9E1|
|C100|1|0|20965|55|00|001|8865|52170403847530000168550010000088651000403177|24042017|24042017|3400,00|1|0,00|0,00|3400,00|1|0,00|0,00|0,00|0,00|0,00|0,00|0,00|0,00|0,00|0,00|0,00|0,00|
|C190|090|6949|0,00|3400,00|0,00|0,00|0,00|0,00|0,00|0,00|385517|
|C195|385517|NAO INCIDENCIA DE ICMS CONFORME ART 78 E 79 DO INCISO I LINHA E DO DECRETO 4.852/97. -- Valor do Diferencial de Aliquota do ICMS 6,00% R 204,00 partilha: TO 60% R 122,40, GO 40% R 81,60 --  -- Total aproximado dos tributos R 1.069,30 31,45%, Fonte:|
|C100|1|0|19602|55|00|001|8866|52170403847530000168550010000088661000404170|24042017|24042017|700,00|1|0,00|0,00|700,00|1|0,00|0,00|0,00|0,00|0,00|0,00|0,00|0,00|0,00|0,00|0,00|0,00|
|C190|090|5949|0,00|700,00|0,00|0,00|0,00|0,00|0,00|0,00|385518|
|C195|385518|NAO INCIDENCIA DE ICMS CONFORME ART 78 E 79 DO INCISO I LINHA E DO DECRETO 4.852/97. --  -- Total aproximado dos tributos R 220,15 31,45%, Fonte: IBPT|
|C100|1|0|15113|55|00|001|8867|52170403847530000168550010000088671000405174|24042017|24042017|700,00|1|0,00|0,00|700,00|1|0,00|0,00|0,00|0,00|0,00|0,00|0,00|0,00|0,00|0,00|0,00|0,00|
|C190|090|6949|0,00|700,00|0,00|0,00|0,00|0,00|0,00|0,00|385519|
|C195|385519|NAO INCIDENCIA DE ICMS CONFORME ART 78 E 79 DO INCISO I LINHA E DO DECRETO 4.852/97. -- Valor do Diferencial de Aliquota do ICMS 6,00% R 42,00 partilha: SP 60% R 25,20, GO 40% R 16,80 --  -- Total aproximado dos tributos R 220,15 31,45%, Fonte: IBP|
|C100|1|0|18973|55|00|001|8868|52170403847530000168550010000088681000406178|24042017|24042017|700,00|1|0,00|0,00|700,00|1|0,00|0,00|0,00|0,00|0,00|0,00|0,00|0,00|0,00|0,00|0,00|0,00|
|C190|090|6949|0,00|700,00|0,00|0,00|0,00|0,00|0,00|0,00|385520|
|C195|385520|NAO INCIDENCIA DE ICMS CONFORME ART 78 E 79 DO INCISO I LINHA E DO DECRETO 4.852/97. --  -- Total aproximado dos tributos R 220,15 31,45%, Fonte: IBPT|
|C100|1|0|19601|55|00|001|8869|52170403847530000168550010000088691000407171|24042017|24042017|700,00|1|0,00|0,00|700,00|1|0,00|0,00|0,00|0,00|0,00|0,00|0,00|0,00|0,00|0,00|0,00|0,00|
|C190|090|6949|0,00|700,00|0,00|0,00|0,00|0,00|0,00|0,00|385521|
|C195|385521|NAO INCIDENCIA DE ICMS CONFORME ART 78 E 79 DO INCISO I LINHA E DO DECRETO 4.852/97. -- Valor do Diferencial de Aliquota do ICMS 6,00% R 42,00 partilha: RS 60% R 25,20, GO 40% R 16,80 --  -- Total aproximado dos tributos R 220,15 31,45%, Fonte: IBP|
|C100|1|0|20810|55|00|001|8870|52170403847530000168550010000088701000408179|24042017|24042017|140,00|1|0,00|0,00|140,00|1|0,00|0,00|0,00|0,00|0,00|0,00|0,00|0,00|0,00|0,00|0,00|0,00|
|C190|090|6949|0,00|140,00|0,00|0,00|0,00|0,00|0,00|0,00|385522|
|C195|385522|NAO INCIDENCIA DE ICMS CONFORME ART 78 E 79 DO INCISO I LINHA E DO DECRETO 4.852/97. -- Valor do Diferencial de Aliquota do ICMS 5,00% R 7,00 partilha: SC 60% R 4,20, GO 40% R 2,80 --  -- Total aproximado dos tributos R 44,03 31,45%, Fonte: IBPT|
|C100|1|0|20811|55|00|001|8871|52170403847530000168550010000088711000409172|24042017|24042017|140,00|1|0,00|0,00|140,00|1|0,00|0,00|0,00|0,00|0,00|0,00|0,00|0,00|0,00|0,00|0,00|0,00|
|C190|090|6949|0,00|140,00|0,00|0,00|0,00|0,00|0,00|0,00|385523|
|C195|385523|NAO INCIDENCIA DE ICMS CONFORME ART 78 E 79 DO INCISO I LINHA E DO DECRETO 4.852/97. -- Valor do Diferencial de Aliquota do ICMS 5,00% R 7,00 partilha: ES 60% R 4,20, GO 40% R 2,80 --  -- Total aproximado dos tributos R 44,03 31,45%, Fonte: IBPT|
|C100|1|0||55|02|1|8872|52170403847530000168550010000088721000410178|||||||||||||||||||||
|C100|1|0|18573|55|00|001|8873|52170403847530000168550010000088731000411171|24042017|24042017|3750,00|1|0,00|0,00|3750,00|1|0,00|0,00|0,00|0,00|0,00|0,00|0,00|0,00|0,00|0,00|0,00|0,00|
|C190|090|6949|0,00|3750,00|0,00|0,00|0,00|0,00|0,00|0,00|385525|
|C195|385525|NAO INCIDENCIA DE ICMS CONFORME ART 78 E 79 DO INCISO I LINHA E DO DECRETO 4.852/97.MATERIAL SERA RETIRADO PELA GRAFICA IPANEMA PALMAS , CNPJ: 11.591.201/0001-27 -- Valor do Diferencial de Aliquota do ICMS 6,00% R 225,00 partilha: TO 60% R 135,00, GO 4|
|C100|1|0|10762|55|00|001|8874|52170403847530000168550010000088741000412175|24042017|24042017|22180,00|1|0,00|0,00|22180,00|9|0,00|0,00|0,00|0,00|0,00|0,00|0,00|0,00|0,00|0,00|0,00|0,00|
|C190|090|5949|0,00|22180,00|0,00|0,00|0,00|0,00|0,00|0,00|385526|
|C195|385526|NAO INCIDENCIA DE ICMS CONFORME ART 78 E 79 DO INCISO I LINHA E DO DECRETO 4.852/97. --  -- Total aproximado dos tributos R 6.975,61 31,45%, Fonte: IBPT|
|C100|1|0|10762|55|00|001|8875|52170403847530000168550010000088751000413179|24042017|24042017|7600,00|1|0,00|0,00|7600,00|9|0,00|0,00|0,00|0,00|0,00|0,00|0,00|0,00|0,00|0,00|0,00|0,00|
|C190|090|5949|0,00|7600,00|0,00|0,00|0,00|0,00|0,00|0,00|385527|
|C195|385527|NAO INCIDENCIA DE ICMS CONFORME ART 78 E 79 DO INCISO I LINHA E DO DECRETO 4.852/97. --  -- Total aproximado dos tributos R 2.390,20 31,45%, Fonte: IBPT|
|C100|1|0|10762|55|00|001|8876|52170403847530000168550010000088761000414172|24042017|24042017|5545,00|1|0,00|0,00|5545,00|9|0,00|0,00|0,00|0,00|0,00|0,00|0,00|0,00|0,00|0,00|0,00|0,00|
|C190|090|5949|0,00|5545,00|0,00|0,00|0,00|0,00|0,00|0,00|385528|
|C195|385528|NAO INCIDENCIA DE ICMS CONFORME ART 78 E 79 DO INCISO I LINHA E DO DECRETO 4.852/97. --  -- Total aproximado dos tributos R 1.743,90 31,45%, Fonte: IBPT|
|C100|0|1|21005|55|00|01|1374|52170424326385000140550010000013741000015794|20042017|24042017|360,00|1|0,00|0,00|360,00|2|0,00|0,00|0,00|0,00|0,00|0,00|0,00|0,00|0,00|0,00|0,00|0,00|
|C170|1|000000180981||50,000|KG|360,00|0,00|0|590|1101||0,00|0,00|0,00|0,00|0,00|0,00|||||||74|||||0,00|74|||||0,00||
|C190|590|1101|0,00|360,00|0,00|0,00|0,00|0,00|0,00|0,00|386268|
|C195|386268|Reducao da base de calculo. Red. conforme artivo 8 inciso VIII , anexo IX do RCTEVendedor: 1 - AUTO ATENDIMENTO|
|C100|0|1|9078|55|00|01|16168|52170417648440000152550010000161681153883266|19042017|24042017|202,80|0|0,00|0,00|202,80|2|0,00|0,00|0,00|0,00|0,00|0,00|0,00|0,00|0,00|0,00|0,00|0,00|
|C170|1|000000061258||15,000|FAR|165,00|0,00|0|090|1556||0,00|0,00|0,00|0,00|0,00|0,00||03||0,00|0,00|0,00|74|||||0,00|74|||||0,00||
|C170|2|000000064356||6,000|UNI|37,80|0,00|0|090|1556||0,00|0,00|0,00|0,00|0,00|0,00||03||0,00|0,00|0,00|74|||||0,00|74|||||0,00||
|C190|090|1556|0,00|202,80|0,00|0,00|0,00|0,00|0,00|0,00|386290|
|C195|386290|DOCUMENTO EMITIDO POR ME OU EPP OPTANTE PELO SIMPLES NACIONAL E NAO GERA DIREITO A CREDITO FISCAL DE ISS E IPI PERMITE O APROVEITAMENTO DO CREDITO DE ICMS NO VALOR DE R 5.82 CORRESPONDENTE A ALIQUOTA DE 2.87 %, NOS TERMOS DO ART. 23 DA LC 123 - Valor ap|
|C100|0|1|1197|55|00|000|77162|35170402740399000172550000000771621017428329|17042017|24042017|1918,00|1|0,00|0,00|1918,00|1|0,00|0,00|0,00|0,00|0,00|0,00|0,00|0,00|0,00|0,00|0,00|0,00|
|C170|1|000000181012||2,000|UNI|1918,00|0,00|0|190|2101||0,00|0,00|0,00|0,00|0,00|0,00||03||0,00|0,00|0,00|74|||||0,00|74|||||0,00||
|C190|190|2101|0,00|1918,00|0,00|0,00|0,00|0,00|0,00|0,00|386342|
|C195|386342|OC Cliente: SRA RAQUEL|
|C100|0|1|222|55|00|01|30056|35170402947632000192550010000300561000115117|17042017|24042017|1553,82|1|0,00|0,00|1553,82|2|0,00|0,00|0,00|0,00|0,00|0,00|0,00|0,00|0,00|0,00|0,00|0,00|
|C170|1|000000143789||3,000|PC|1553,82|0,00|0|190|2101||0,00|0,00|0,00|0,00|0,00|0,00||00||1553,82|0,00|0,00|74|||||0,00|74|||||0,00||
|C190|190|2101|0,00|1553,82|0,00|0,00|0,00|0,00|0,00|0,00|386345|
|C195|386345|Valor Aproximado dos Tributos: R 205.88 13.25%. Fonte: IBTP.|
|C100|1|0|20967|55|00|001|8877|52170403847530000168550010000088771000415176|25042017|25042017|28330,00|1|0,00|0,00|28330,00|1|0,00|0,00|0,00|0,00|0,00|0,00|0,00|0,00|0,00|0,00|0,00|0,00|
|C190|090|5949|0,00|28330,00|0,00|0,00|0,00|0,00|0,00|0,00|385529|
|C195|385529|NAO INCIDENCIA DE ICMS CONFORME ART 78 E 79 DO INCISO I LINHA E DO DECRETO 4.852/97. --  -- Total aproximado dos tributos R 8.909,78 31,45%, Fonte: IBPT|
|C100|1|0|20968|55|00|001|8878|52170403847530000168550010000088781000416170|25042017|25042017|265,83|1|0,00|0,00|265,83|1|0,00|0,00|0,00|0,00|0,00|0,00|0,00|0,00|0,00|0,00|0,00|0,00|
|C190|090|5949|0,00|265,83|0,00|0,00|0,00|0,00|0,00|0,00|385530|
|C195|385530|NAO INCIDENCIA DE ICMS CONFORME ART 78 E 79 DO INCISO I LINHA E DO DECRETO 4.852/97. --  -- Total aproximado dos tributos R 83,60 31,45%, Fonte: IBPT|
|C100|1|0|20965|55|00|001|8879|52170403847530000168550010000088791000417173|25042017|25042017|1329,17|1|0,00|0,00|1329,17|1|0,00|0,00|0,00|0,00|0,00|0,00|0,00|0,00|0,00|0,00|0,00|0,00|
|C190|090|6949|0,00|1329,17|0,00|0,00|0,00|0,00|0,00|0,00|385531|
|C195|385531|NAO INCIDENCIA DE ICMS CONFORME ART 78 E 79 DO INCISO I LINHA E DO DECRETO 4.852/97. -- Valor do Diferencial de Aliquota do ICMS 6,00% R 79,75 partilha: TO 60% R 47,85, GO 40% R 31,90 --  -- Total aproximado dos tributos R 418,02 31,45%, Fonte: IBP|
|C100|1|0|13112|55|00|001|8880|52170403847530000168550010000088801000418170|25042017|25042017|2544,00|1|0,00|0,00|2544,00|2|0,00|0,00|0,00|0,00|0,00|0,00|0,00|0,00|0,00|0,00|0,00|0,00|
|C190|090|6949|0,00|2544,00|0,00|0,00|0,00|0,00|0,00|0,00|385532|
|C195|385532|NAO INCIDENCIA DE ICMS CONFORME ART 78 E 79 DO INCISO I LINHA E DO DECRETO 4.852/97. -- Valor do Diferencial de Aliquota do ICMS 6,00% R 152,64 partilha: PR 60% R 91,58, GO 40% R 61,06 --  -- Total aproximado dos tributos R 800,09 31,45%, Fonte: IB|
|C100|0|1|4887|55|00|000|84040|52170455973366001534550000000840401615468522|24042017|25042017|5586,49|1|0,00|0,00|5362,35|1|0,00|0,00|0,00|0,00|0,00|0,00|0,00|224,14|0,00|0,00|0,00|0,00|
|C170|1|000000178261||1,000|PC125|267,14|0,00|0|090|1101||0,00|0,00|0,00|0,00|0,00|0,00|||||||74|||||0,00|74|||||0,00||
|C170|2|000000174865||1,000|PC100|327,47|0,00|0|290|1101||0,00|0,00|0,00|0,00|0,00|0,00|||||||74|||||0,00|74|||||0,00||
|C170|3|000000180980||1,000|PC200|284,94|0,00|0|090|1101||0,00|0,00|0,00|0,00|0,00|0,00|||||||74|||||0,00|74|||||0,00||
|C170|4|000000175700||40,000|PC1|4482,80|0,00|0|190|1101||0,00|0,00|0,00|0,00|0,00|0,00||00||4482,80|5,00|224,14|74|||||0,00|74|||||0,00||
|C190|090|1101|0,00|552,08|0,00|0,00|0,00|0,00|0,00|0,00|386267|
|C190|190|1101|0,00|4706,94|0,00|0,00|0,00|0,00|0,00|224,14|386267|
|C190|290|1101|0,00|327,47|0,00|0,00|0,00|0,00|0,00|0,00|386267|
|C195|386267|BASE CALC.REDUZIDA EM 41,17% CONF.ART.8 INC.VIII ANEXO IX DO RCTE - NroCarga: 1588743 - NroPedido: 2592482 *Certificados: BV-COC - 175269 - PASSALACQUA amp CIA LTDA - SOMENTE PRODUTOS ASSINALADOS COMO FSC SAO CERTIFICADOS. *FSCCREDITO MISTO / **FSCMI|
|C100|0|1|114|55|00|004|15769|52170401637355000159550040000157691000157694|25042017|25042017|136,50|1|0,00|0,00|136,50|2|0,00|0,00|0,00|0,00|0,00|0,00|0,00|0,00|0,00|0,00|0,00|0,00|
|C170|1|000000180983||1,000|LT|67,50|0,00|0|090|1101||0,00|0,00|0,00|0,00|0,00|0,00|||||||74|||||0,00|74|||||0,00||
|C170|2|000000180982||1,000|PC|69,00|0,00|0|060|1401||0,00|0,00|0,00|0,00|0,00|0,00|||||||74|||||0,00|74|||||0,00||
|C190|060|1401|0,00|69,00|0,00|0,00|0,00|0,00|0,00|0,00|386272|
|C190|090|1101|0,00|67,50|0,00|0,00|0,00|0,00|0,00|0,00|386272|
|C195|386272|ICMS RETIDO NOS TERMOS DO ANEXO VIII DO RCTE. Cliente: 001794 BASE ICMS 67,50 - VALOR ICMS 11,48 PERMITE APROVEITAMENTO CREDITO ICMS NO VALOR R 2,07 CORRESPONDENTE ALIQ 3,07%, NOS TERMOS ART.23 LC.123/2006 Documento emitido por ME/EPP optante pelo Simp|
|C100|0|1|8283|55|00|01|93515|35170402531128000107550010000935151209260222|13042017|25042017|8340,37|1|0,00|0,00|7698,13|1|0,00|0,00|0,00|0,00|0,00|0,00|0,00|642,24|0,00|0,00|0,00|0,00|
|C170|1|000000031800||3,000|PC|3240,00|0,00|0|190|2101||0,00|0,00|0,00|0,00|0,00|0,00||01||3240,00|0,00|0,00|74|||||0,00|74|||||0,00||
|C170|2|000000010774||2,000|KG|309,10|0,00|0|190|2101||0,00|0,00|0,00|0,00|0,00|0,00||00||309,10|10,00|30,91|74|||||0,00|74|||||0,00||
|C170|3|000000181013||4,000|UND|220,50|0,00|0|190|2101||0,00|0,00|0,00|0,00|0,00|0,00||00||220,50|10,00|22,05|74|||||0,00|74|||||0,00||
|C170|4|000000181009||600,000|UND|3928,53|0,00|0|390|2101||0,00|0,00|0,00|0,00|0,00|0,00||00||3928,53|15,00|589,28|74|||||0,00|74|||||0,00||
|C190|190|2101|0,00|3822,56|0,00|0,00|0,00|0,00|0,00|52,96|386340|
|C190|390|2101|0,00|4517,81|0,00|0,00|0,00|0,00|0,00|589,28|386340|
|C195|386340|ICMS 4% conf Resoluo do Senado Federal nr 13/12, conv.ICMS 123/12. Contedo de importao 100%.** TRIBUTADO COM ALIQUOTA ZERO CONFORME DECRETO 7.660/2011**  **  ** Numero de remessa 1759680803 ** Pick up ** Vend email ** Gleici Araujo **Descrio comple|
|C100|0|1|8024|55|00|01|2315|53170409010668000194550010000023151004640327|19042017|25042017|590,00|1|0,00|0,00|590,00|1|0,00|0,00|0,00|0,00|0,00|0,00|0,00|0,00|0,00|0,00|0,00|0,00|
|C170|1|000000027934||1,000|UNI|590,00|0,00|0|090|2101||0,00|0,00|0,00|0,00|0,00|0,00|||||||74|||||0,00|74|||||0,00||
|C190|090|2101|0,00|590,00|0,00|0,00|0,00|0,00|0,00|0,00|386346|
|C195|386346|Empresa Optante pelo Simples Trib aprox R: 92,87 Federal 70,80 Estadual Fonte: IBPT W7m9E1|
|C100|0|1|136|55|00|01|443748|35170416404287015691550010004437481304276740|19042017|25042017|4865,57|1|0,00|0,00|4633,88|1|0,00|0,00|0,00|0,00|0,00|0,00|0,00|231,69|0,00|0,00|0,00|0,00|
|C170|1|000000050296||1,369|TO|4633,88|0,00|0|590|2101||0,00|0,00|0,00|0,00|0,00|0,00||00||4633,88|5,00|231,69|74|||||0,00|74|||||0,00||
|C190|590|2101|0,00|4865,57|0,00|0,00|0,00|0,00|0,00|231,69|386347|
|C195|386347|Numero DT: 2227426 Controle de Portaria: 116659 Condicoes de Pagamento: 14 DDL Mercadoria saira da Julio Simoes Transportes e Servicos Ltda. Estrada Velha de Limeira, S/No Limeira - SP CEP: 13480-000 CNPJ:52.548.435/0106-46 I.E. 417.305.745.112 Merc. Segu|
|C100|0|1|136|55|00|01|443750|35170416404287015691550010004437501694799377|19042017|25042017|7581,69|1|0,00|0,00|7581,69|1|0,00|0,00|0,00|0,00|0,00|0,00|0,00|0,00|0,00|0,00|0,00|0,00|
|C170|1|000000181017||2,740|TO|7581,69|0,00|0|590|2101||0,00|0,00|0,00|0,00|0,00|0,00||54||0,00|0,00|0,00|74|||||0,00|74|||||0,00||
|C190|590|2101|0,00|7581,69|0,00|0,00|0,00|0,00|0,00|0,00|386348|
|C195|386348|Numero DT: 2227426 Controle de Portaria: 116659 ICMS - Nao Incidencia conforme Art.7o Inciso XIII Dec.45490/00-RICMS/SP IPI - Imune conforme Art.18 inciso I do Dec. 7.212/10-RIPI Condicoes de Pagamento: 15/30/45 DDL Mercadoria saira da Julio Simoes Transp|
|C100|0|1|136|55|00|01|443749|35170416404287015691550010004437491128953436|19042017|25042017|16080,80|1|0,00|0,00|15315,05|1|0,00|0,00|0,00|0,00|0,00|0,00|0,00|765,75|0,00|0,00|0,00|0,00|
|C170|1|000000181018||4,152|TO|15315,05|0,00|0|590|2101||0,00|0,00|0,00|0,00|0,00|0,00||00||15315,05|5,00|765,75|74|||||0,00|74|||||0,00||
|C190|590|2101|0,00|16080,80|0,00|0,00|0,00|0,00|0,00|765,75|386349|
|C195|386349|Numero DT: 2227426 Controle de Portaria: 116659 Condicoes de Pagamento: 15/30/45 DDL Mercadoria saira da Julio Simoes Transportes e Servicos Ltda. Estrada Velha de Limeira, S/No Limeira - SP CEP: 13480-000 CNPJ:52.548.435/0106-46 I.E. 417.305.745.112 Merc|
|C100|0|1|1183|55|00|01|46614|52170400041384000190550010000466141000466148|25042017|26042017|364,00|2|19,20|0,00|383,20|2|0,00|0,00|0,00|0,00|0,00|0,00|0,00|0,00|0,00|0,00|0,00|0,00|
|C170|1|000000180968||4,000|PC|383,20|19,20|0|090|1101||0,00|0,00|0,00|0,00|0,00|0,00||00||364,00|0,00|0,00|74|||||0,00|74|||||0,00||
|C190|090|1101|0,00|364,00|0,00|0,00|0,00|0,00|0,00|0,00|386264|
|C195|386264|PERMITE APROVEITAMENTO DE CREDITO ICMS NO VALOR DE R 14,01CORRESPONDENTE A ALIQUOTA DE 3,85 % NOS TERMOS DOS ART. 23 DA LC. 123.NOME FANTASIA: IPANEMA GRAFICA E EDITORA LTDAFORMA DE PAGAMENTO: BOLETO 15 DIASNOME DO VENDEDOR: CLEYTON  VALOR APROX.|
|C100|0|1|4887|55|00|000|84138|52170455973366001534550000000841381112187512|25042017|26042017|5425,38|1|0,00|0,00|5425,38|1|0,00|0,00|0,00|0,00|0,00|0,00|0,00|0,00|0,00|0,00|0,00|0,00|
|C170|1|000000132184||54,000|PCS|5425,38|0,00|0|090|1101||0,00|0,00|0,00|0,00|0,00|0,00|||||||74|||||0,00|74|||||0,00||
|C190|090|1101|0,00|5425,38|0,00|0,00|0,00|0,00|0,00|0,00|386265|
|C195|386265|BASE CALC.REDUZIDA EM 41,17% CONF.ART.8 INC.VIII ANEXO IX DO RCTE - NroCarga: 1589511 - NroPedido: 2593446 *Certificados: BV-COC - 175269 - PASSALACQUA amp CIA LTDA - SOMENTE PRODUTOS ASSINALADOS COMO FSC SAO CERTIFICADOS. *FSCCREDITO MISTO / **FSCMI|
|C100|0|1|15149|55|00|01|676|52170415684083000152550010000006761000005945|20042017|26042017|185,00|0|0,00|0,00|185,00|1|0,00|0,00|0,00|0,00|0,00|0,00|0,00|0,00|0,00|0,00|0,00|0,00|
|C170|1|000000180996||1,000|UNI|185,00|0,00|0|490|1949||0,00|0,00|0,00|0,00|0,00|0,00|||||||74|||||0,00|74|||||0,00||
|C190|490|1949|0,00|185,00|0,00|0,00|0,00|0,00|0,00|0,00||
|C100|0|1|15861|55|00|006|47799|35170402034206000672550060000477991000822258|24042017|26042017|8679,58|1|0,00|0,00|7547,46|2|0,00|0,00|0,00|0,00|0,00|0,00|0,00|1132,12|0,00|0,00|0,00|0,00|
|C170|1|000000143662||15382,675|M2|4153,32|0,00|0|090|2101||0,00|0,00|0,00|0,00|0,00|0,00||00||4153,32|15,00|623,00|74|||||0,00|74|||||0,00||
|C170|2|000000181015||1241,500|M2|335,21|0,00|0|090|2101||0,00|0,00|0,00|0,00|0,00|0,00||00||335,21|15,00|50,28|74|||||0,00|74|||||0,00||
|C170|3|000000143662||5705,700|M2|1540,54|0,00|0|090|2101||0,00|0,00|0,00|0,00|0,00|0,00||00||1540,54|15,00|231,08|74|||||0,00|74|||||0,00||
|C170|4|000000143662||3701,750|M2|999,47|0,00|0|090|2101||0,00|0,00|0,00|0,00|0,00|0,00||00||999,47|15,00|149,92|74|||||0,00|74|||||0,00||
|C170|5|000000143662||1921,920|M2|518,92|0,00|0|090|2101||0,00|0,00|0,00|0,00|0,00|0,00||00||518,92|15,00|77,84|74|||||0,00|74|||||0,00||
|C190|090|2101|0,00|8679,58|0,00|0,00|0,00|0,00|0,00|1132,12|386343|
|C195|386343|NAO OCORR SUBST TRIBUT POR TRATAR PROD APLIC EXCLUS NA INDUSTRIA NAO OCORR SUBST TRIB DO ART 313Z13 RICMS POR NAO SER PROD PAPEL CELOFONE.NAO OCORR SUBST TRIB ART 313Y RICMS POR NAO SER PROD DE CONSTRUCAO CIVIL DA HIPOTESE VEDA ROSCA LONA PLASTICA FITAS I|
|C100|0|1|1196|55|00|01|98062|53170403988378000133550010000980621001411786|25042017|26042017|350,00|1|0,00|0,00|350,00|2|0,00|0,00|0,00|0,00|0,00|0,00|0,00|0,00|0,00|0,00|0,00|0,00|
|C170|1|000000181016||2,000|PT|350,00|0,00|0|090|2101||0,00|0,00|0,00|0,00|0,00|0,00||03||0,00|0,00|0,00|74|||||0,00|74|||||0,00||
|C190|090|2101|0,00|350,00|0,00|0,00|0,00|0,00|0,00|0,00|386344|
|C195|386344|Produtos com FSC na descricao, fabricados com madeira de florestas bem manejadas e outras fontes controladas. Certificado CU-COC-816810. Valor Aproximado dos Tributos: R 119.98 34.28%.|
|C100|1|0|20969|55|00|001|8881|52170403847530000168550010000088811000419174|27042017|27042017|490,00|1|0,00|0,00|490,00|1|0,00|0,00|0,00|0,00|0,00|0,00|0,00|0,00|0,00|0,00|0,00|0,00|
|C190|090|5949|0,00|490,00|0,00|0,00|0,00|0,00|0,00|0,00|385533|
|C195|385533|NAO INCIDENCIA DE ICMS CONFORME ART 78 E 79 DO INCISO I LINHA E DO DECRETO 4.852/97. --  -- Total aproximado dos tributos R 154,10 31,45%, Fonte: IBPT|
|C100|1|0||55|02|1|8882|52170403847530000168550010000088821000420170|||||||||||||||||||||
|C100|1|0|20682|55|00|001|8883|52170403847530000168550010000088831000421173|27042017|27042017|466,00|1|0,00|0,00|466,00|1|0,00|0,00|0,00|0,00|0,00|0,00|0,00|0,00|0,00|0,00|0,00|0,00|
|C190|090|6949|0,00|466,00|0,00|0,00|0,00|0,00|0,00|0,00|385535|
|C195|385535|NAO INCIDENCIA DE ICMS CONFORME ART 78 E 79 DO INCISO I LINHA E DO DECRETO 4.852/97. --  -- Total aproximado dos tributos R 146,56 31,45%, Fonte: IBPT|
|C100|1|0|4827|55|00|001|8884|52170403847530000168550010000088841000422177|27042017|27042017|6000,00|1|0,00|0,00|6000,00|9|0,00|0,00|0,00|0,00|0,00|0,00|0,00|0,00|0,00|0,00|0,00|0,00|
|C190|090|6949|0,00|6000,00|0,00|0,00|0,00|0,00|0,00|0,00|385536|
|C195|385536|NAO INCIDENCIA DE ICMS CONFORME ART 78 E 79 DO INCISO I LINHA E DO DECRETO 4.852/97. --  -- Total aproximado dos tributos R 1.887,00 31,45%, Fonte: IBPT|
|C100|0|1|112|55|00|01|37496|52170416404287029994550010000374961140658070|26042017|27042017|193,62|1|0,00|0,00|184,40|2|0,00|0,00|0,00|0,00|0,00|0,00|0,00|9,22|0,00|0,00|0,00|0,00|
|C170|1|000000049323||2,000|TO|184,40|0,00|0|590|1101||0,00|0,00|0,00|0,00|0,00|0,00||00||184,40|5,00|9,22|74|||||0,00|74|||||0,00||
|C190|590|1101|0,00|193,62|0,00|0,00|0,00|0,00|0,00|9,22|386269|
|C195|386269|Numero DT: 2239159 REDUCAO DE 41,18% NA BASE DE CALCULO DE ICMS CORFORME ARTIGO 8 INC VIII ALINEA A DECRETO 4.852/97. Condicoes de Pagamento: 07 DDL BOLETO Produtos certificados FSC. FSC Misto 70%. RA-COC-001983-M Docs. Referencia: 6210441 / 6210441 / 8|
|C100|0|1|112|55|00|01|37495|52170416404287029994550010000374951527200791|26042017|27042017|1532,82|1|0,00|0,00|1459,83|2|0,00|0,00|0,00|0,00|0,00|0,00|0,00|72,99|0,00|0,00|0,00|0,00|
|C170|1|000000049323||16,000|TO|1459,83|0,00|0|590|1101||0,00|0,00|0,00|0,00|0,00|0,00||00||1459,83|5,00|72,99|74|||||0,00|74|||||0,00||
|C190|590|1101|0,00|1532,82|0,00|0,00|0,00|0,00|0,00|72,99|386270|
|C195|386270|Numero DT: 2239159 REDUCAO DE 41,18% NA BASE DE CALCULO DE ICMS CORFORME ARTIGO 8 INC VIII ALINEA A DECRETO 4.852/97. Condicoes de Pagamento: 07 DDL BOLETO Produtos certificados FSC. FSC Misto 70%. RA-COC-001983-M Docs. Referencia: 6210410 / 6210410 / 8|
|C100|0|1|112|55|00|01|37485|52170416404287029994550010000374851410853012|26042017|27042017|960,03|1|0,00|0,00|914,31|2|0,00|0,00|0,00|0,00|0,00|0,00|0,00|45,72|0,00|0,00|0,00|0,00|
|C170|1|000000049323||10,000|TO|914,31|0,00|0|590|1101||0,00|0,00|0,00|0,00|0,00|0,00||00||914,31|5,00|45,72|74|||||0,00|74|||||0,00||
|C190|590|1101|0,00|960,03|0,00|0,00|0,00|0,00|0,00|45,72|386271|
|C195|386271|Numero DT: 2238808 REDUCAO DE 41,18% NA BASE DE CALCULO DE ICMS CORFORME ARTIGO 8 INC VIII ALINEA A DECRETO 4.852/97. Condicoes de Pagamento: 07 DDL BOLETO Produtos certificados FSC. FSC Misto 70%. RA-COC-001983-M Docs. Referencia: 6209985 / 6209985 / 8|
|C100|0|1|4887|55|00|000|84293|52170455973366001534550000000842931662845919|26042017|27042017|249,28|1|0,00|0,00|249,28|1|0,00|0,00|0,00|0,00|0,00|0,00|0,00|0,00|0,00|0,00|0,00|0,00|
|C170|1|000000180984||2,000|PC1|249,28|0,00|0|090|1101||0,00|0,00|0,00|0,00|0,00|0,00|||||||74|||||0,00|74|||||0,00||
|C190|090|1101|0,00|249,28|0,00|0,00|0,00|0,00|0,00|0,00|386275|
|C195|386275|BASE CALC.REDUZIDA EM 41,17% CONF.ART.8 INC.VIII ANEXO IX DO RCTE - NroCarga: 1590910 - NroPedido: 2595924 *Certificados: BV-COC - 175269 - PASSALACQUA amp CIA LTDA - SOMENTE PRODUTOS ASSINALADOS COMO FSC SAO CERTIFICADOS. *FSCCREDITO MISTO / **FSCMI|
|C100|0|1|4887|55|00|000|84177|52170455973366001534550000000841771256677957|25042017|27042017|4654,13|1|0,00|0,00|4432,50|1|0,00|0,00|0,00|0,00|0,00|0,00|0,00|221,63|0,00|0,00|0,00|0,00|
|C170|1|000000054125||50,000|PC1|4432,50|0,00|0|190|1101||0,00|0,00|0,00|0,00|0,00|0,00||00||4432,50|5,00|221,63|74|||||0,00|74|||||0,00||
|C190|190|1101|0,00|4654,13|0,00|0,00|0,00|0,00|0,00|221,63|386276|
|C195|386276|BASE CALC.REDUZIDA EM 41,17% CONF.ART.8 INC.VIII ANEXO IX DO RCTE - NroCarga: 1589721 - NroPedido: 2594082 - Forma Pagto: BOLETO EMPRESA  - Rota: 22 - GOIANIA|
|C100|0|1|4887|55|00|000|84261|52170455973366001534550000000842611551757791|26042017|27042017|124,64|1|0,00|0,00|124,64|1|0,00|0,00|0,00|0,00|0,00|0,00|0,00|0,00|0,00|0,00|0,00|0,00|
|C170|1|000000180984||1,000|PC1|124,64|0,00|0|090|1101||0,00|0,00|0,00|0,00|0,00|0,00|||||||74|||||0,00|74|||||0,00||
|C190|090|1101|0,00|124,64|0,00|0,00|0,00|0,00|0,00|0,00|386278|
|C195|386278|BASE CALC.REDUZIDA EM 41,17% CONF.ART.8 INC.VIII ANEXO IX DO RCTE - NroCarga: 1590641 - NroPedido: 2595337 *Certificados: BV-COC - 175269 - PASSALACQUA amp CIA LTDA - SOMENTE PRODUTOS ASSINALADOS COMO FSC SAO CERTIFICADOS. *FSCCREDITO MISTO / **FSCMI|
|C100|0|1|222|55|00|01|30135|35170402947632000192550010000301351005853855|25042017|27042017|337,64|1|0,00|0,00|321,56|2|0,00|0,00|16,08|0,00|0,00|0,00|0,00|0,00|0,00|0,00|0,00|0,00|
|C170|1|000000181020||2,000|PC|321,56|0,00|0|190|2949||0,00|0,00|0,00|0,00|0,00|0,00||03||0,00|0,00|0,00|74|||||0,00|74|||||0,00||
|C190|190|2949|0,00|337,64|0,00|0,00|0,00|0,00|0,00|0,00|386355|
|C195|386355|Valor Aproximado dos Tributos: R 61.62 18.25%. Fonte: IBTP.|
|C100|0|1|21006|55|00|01|5581|53170402000957000163550010000055811381921761|26042017|27042017|679,50|0|0,00|0,00|679,50|1|0,00|0,00|0,00|0,00|0,00|0,00|0,00|0,00|0,00|0,00|0,00|0,00|
|C170|1|000000180998||1,000|UNI|215,00|0,00|0|060|2949||0,00|0,00|0,00|0,00|0,00|0,00|||||||74|||||0,00|74|||||0,00||
|C170|2|000000180999||1,000|UNI|140,00|0,00|0|060|2949||0,00|0,00|0,00|0,00|0,00|0,00|||||||74|||||0,00|74|||||0,00||
|C170|3|000000181000||1,000|PA|260,00|0,00|0|060|2949||0,00|0,00|0,00|0,00|0,00|0,00|||||||74|||||0,00|74|||||0,00||
|C170|4|000000181021||1,000|UNI|64,50|0,00|0|090|2949||0,00|0,00|0,00|0,00|0,00|0,00|||||||74|||||0,00|74|||||0,00||
|C190|060|2949|0,00|615,00|0,00|0,00|0,00|0,00|0,00|0,00|386357|
|C190|090|2949|0,00|64,50|0,00|0,00|0,00|0,00|0,00|0,00|386357|
|C195|386357|PLACA FLM1171 MODELO: MASTER OS 12630 VENDEDOR ANA TRIB APROX R 210,82 FED R 3,23 MUN FONTE IBPT 5OI7EW OPTANTE SIMPLES NACIONAL ALIQUOTAS PRODUTOS 4% SERVICOS 5%|
|C100|1|0|18569|55|00|001|8885|52170403847530000168550010000088851000423170|28042017|28042017|2800,00|1|0,00|0,00|2800,00|2|0,00|0,00|0,00|0,00|0,00|0,00|0,00|0,00|0,00|0,00|0,00|0,00|
|C190|090|5949|0,00|2800,00|0,00|0,00|0,00|0,00|0,00|0,00|385537|
|C195|385537|NAO INCIDENCIA DE ICMS CONFORME ART 78 E 79 DO INCISO I LINHA E DO DECRETO 4.852/97. --  -- Total aproximado dos tributos R 880,60 31,45%, Fonte: IBPT|
|C100|1|0|18969|55|00|001|8886|52170403847530000168550010000088861000424174|28042017|28042017|4480,00|1|0,00|0,00|4480,00|2|0,00|0,00|0,00|0,00|0,00|0,00|0,00|0,00|0,00|0,00|0,00|0,00|
|C190|090|6949|0,00|4480,00|0,00|0,00|0,00|0,00|0,00|0,00|385538|
|C195|385538|NAO INCIDENCIA DE ICMS CONFORME ART 78 E 79 DO INCISO I LINHA E DO DECRETO 4.852/97. -- Valor do Diferencial de Aliquota do ICMS 5,00% R 224,00 partilha: CE 60% R 134,40, GO 40% R 89,60 --  -- Total aproximado dos tributos R 1.408,96 31,45%, Fonte:|
|C100|1|0|19602|55|00|001|8887|52170403847530000168550010000088871000425178|28042017|28042017|7060,00|1|0,00|0,00|7060,00|1|0,00|0,00|0,00|0,00|0,00|0,00|0,00|0,00|0,00|0,00|0,00|0,00|
|C190|090|5949|0,00|7060,00|0,00|0,00|0,00|0,00|0,00|0,00|385539|
|C195|385539|NAO INCIDENCIA DE ICMS CONFORME ART 78 E 79 DO INCISO I LINHA E DO DECRETO 4.852/97. --  -- Total aproximado dos tributos R 2.220,37 31,45%, Fonte: IBPT|
|C100|1|0|146|55|00|001|8888|52170403847530000168550010000088881000426171|28042017|28042017|12922,79|1|0,00|0,00|12922,79|1|0,00|0,00|0,00|0,00|0,00|0,00|0,00|0,00|0,00|0,00|0,00|0,00|
|C190|090|6949|0,00|12922,79|0,00|0,00|0,00|0,00|0,00|0,00|385540|
|C195|385540|NAO INCIDENCIA DE ICMS CONFORME ART 78 E 79 DO INCISO I LINHA E DO DECRETO 4.852/97. --  -- Total aproximado dos tributos R 4.064,22 31,45%, Fonte: IBPT|
|C100|1|0|16530|55|00|001|8889|52170403847530000168550010000088891000427175|28042017|28042017|130,00|1|0,00|0,00|130,00|1|0,00|0,00|0,00|0,00|0,00|0,00|0,00|0,00|0,00|0,00|0,00|0,00|
|C190|090|6949|0,00|130,00|0,00|0,00|0,00|0,00|0,00|0,00|385541|
|C195|385541|NAO INCIDENCIA DE ICMS CONFORME ART 78 E 79 DO INCISO I LINHA E DO DECRETO 4.852/97.MATERIAL SERA RETIRADO PELA GRAFICA IPANEMA PLAMAS , CNPJ : 11.591.201/0001-27. --  -- Total aproximado dos tributos R 40,88 31,45%, Fonte: IBPT|
|C100|0|1|112|55|00|01|37507|52170416404287029994550010000375071435387308|27042017|28042017|766,41|1|0,00|0,00|729,91|2|0,00|0,00|0,00|0,00|0,00|0,00|0,00|36,50|0,00|0,00|0,00|0,00|
|C170|1|000000049323||8,000|TO|729,91|0,00|0|590|1101||0,00|0,00|0,00|0,00|0,00|0,00||00||729,91|5,00|36,50|74|||||0,00|74|||||0,00||
|C190|590|1101|0,00|766,41|0,00|0,00|0,00|0,00|0,00|36,50|386273|
|C195|386273|Numero DT: 2239967 REDUCAO DE 41,18% NA BASE DE CALCULO DE ICMS CORFORME ARTIGO 8 INC VIII ALINEA A DECRETO 4.852/97. Condicoes de Pagamento: 07 DDL BOLETO Produtos certificados FSC. FSC Misto 70%. RA-COC-001983-M Docs. Referencia: 6210696 / 6210696 / 8|
|C100|0|1|112|55|00|01|37524|52170416404287029994550010000375241503519732|27042017|28042017|5752,10|1|0,00|0,00|5478,19|2|0,00|0,00|0,00|0,00|0,00|0,00|0,00|273,91|0,00|0,00|0,00|0,00|
|C170|1|000000049323||60,000|TO|5478,19|0,00|0|590|1101||0,00|0,00|0,00|0,00|0,00|0,00||00||5478,19|5,00|273,91|74|||||0,00|74|||||0,00||
|C190|590|1101|0,00|5752,10|0,00|0,00|0,00|0,00|0,00|273,91|386274|
|C195|386274|Numero DT: 2240959 REDUCAO DE 41,18% NA BASE DE CALCULO DE ICMS CORFORME ARTIGO 8 INC VIII ALINEA A DECRETO 4.852/97. Condicoes de Pagamento: 07 DDL BOLETO Produtos certificados FSC. FSC Misto 70%. RA-COC-001983-M Docs. Referencia: 6211195 / 6211195 / 8|
|C100|0|1|112|55|00|01|37523|52170416404287029994550010000375231761333464|27042017|28042017|2222,58|1|0,00|0,00|2116,74|2|0,00|0,00|0,00|0,00|0,00|0,00|0,00|105,84|0,00|0,00|0,00|0,00|
|C170|1|000000180985||23,000|PCT|2116,74|0,00|0|190|1101||0,00|0,00|0,00|0,00|0,00|0,00||00||2116,74|5,00|105,84|74|||||0,00|74|||||0,00||
|C190|190|1101|0,00|2222,58|0,00|0,00|0,00|0,00|0,00|105,84|386277|
|C195|386277|Numero DT: 2240959 REDUCAO DE 41,18% NA BASE DE CALCULO DE ICMS CORFORME ARTIGO 8 INC VIII ALINEA A DECRETO 4.852/97. Condicoes de Pagamento: 07 DDL BOLETO Produtos certificados FSC. FSC Credito Misto. RA-COC-001983-M Docs. Referencia: 6211015 / 6211015|
|C100|0|1|1183|55|00|01|46718|52170400041384000190550010000467181000467181|28042017|28042017|400,00|2|21,25|0,00|421,25|2|0,00|0,00|0,00|0,00|0,00|0,00|0,00|0,00|0,00|0,00|0,00|0,00|
|C170|1|000000060062||25,000|KG|421,25|21,25|0|090|1101||0,00|0,00|0,00|0,00|0,00|0,00||00||400,00|0,00|0,00|74|||||0,00|74|||||0,00||
|C190|090|1101|0,00|400,00|0,00|0,00|0,00|0,00|0,00|0,00|386279|
|C195|386279|PERMITE APROVEITAMENTO DE CREDITO ICMS NO VALOR DE R 15,40CORRESPONDENTE A ALIQUOTA DE 3,85 % NOS TERMOS DOS ART. 23 DA LC. 123.NOME FANTASIA: IPANEMA GRAFICA E EDITORA LTDAFORMA DE PAGAMENTO: BOLETO 15 DIASNOME DO VENDEDOR: CLEYTON  VALOR APROX.|
|C100|0|1|112|55|00|01|37549|52170416404287029994550010000375491892782366|28042017|28042017|4434,24|1|0,00|0,00|4223,09|2|0,00|0,00|0,00|0,00|0,00|0,00|0,00|211,15|0,00|0,00|0,00|0,00|
|C170|1|000000176579||41,000|PCT|4223,09|0,00|0|590|1101||0,00|0,00|0,00|0,00|0,00|0,00||00||4223,09|5,00|211,15|74|||||0,00|74|||||0,00||
|C190|590|1101|0,00|4434,24|0,00|0,00|0,00|0,00|0,00|211,15|386280|
|C195|386280|Numero DT: 2242672 REDUCAO DE 41,18% NA BASE DE CALCULO DE ICMS CORFORME ARTIGO 8 INC VIII ALINEA A DECRETO 4.852/97. Condicoes de Pagamento: 07 DDL BOLETO Produtos certificados FSC. FSC Misto 70%. RA-COC-001983-M Docs. Referencia: 6212651 / 6212651 / 8|
|C100|0|1|15562|55|00|01|22855|52170405560294000120550010000228551000228554|20042017|28042017|120,00|0|0,00|0,00|120,00|1|0,00|0,00|0,00|0,00|0,00|0,00|0,00|0,00|0,00|0,00|0,00|0,00|
|C170|1|000000042728||1,000|UNI|120,00|0,00|0|060|1407||0,00|0,00|0,00|0,00|0,00|0,00|||||||74|||||0,00|74|||||0,00||
|C190|060|1407|0,00|120,00|0,00|0,00|0,00|0,00|0,00|0,00||
|C100|0|1|6705|55|00|01|4934|52170404519767000182550010000049341000049343|27042017|28042017|305,00|1|0,00|0,00|305,00|2|0,00|0,00|0,00|0,00|0,00|0,00|0,00|0,00|0,00|0,00|0,00|0,00|
|C170|1|000000050343||3,000|UN|150,00|0,00|0|090|1556||0,00|0,00|0,00|0,00|0,00|0,00||49||150,00|0,00|0,00|74|||||0,00|74|||||0,00||
|C170|2|000000051261||2,000|UN|100,00|0,00|0|090|1556||0,00|0,00|0,00|0,00|0,00|0,00||49||100,00|0,00|0,00|74|||||0,00|74|||||0,00||
|C170|3|000000055289||1,000|UN|55,00|0,00|0|090|1556||0,00|0,00|0,00|0,00|0,00|0,00||49||55,00|0,00|0,00|74|||||0,00|74|||||0,00||
|C190|090|1556|0,00|305,00|0,00|0,00|0,00|0,00|0,00|0,00|386292|
|C195|386292|NOTA FISCAL REFERENTE AO PEDIDO N. 5747PERMITE O APROVEITAMENTO DO CREDITO DE ICMS NO VALOR DE R 7,11 CORRESPONDENTE A ALIQUOTA DE 2,33%, NOS TERMOS DO ART. 23 DA LC 123/2006|
|C100|0|1|1190|55|00|01|105765|52170401527225000163550010001057651630110780|27042017|28042017|389,03|1|0,00|0,00|370,50|1|0,00|0,00|18,53|0,00|0,00|0,00|0,00|0,00|0,00|0,00|0,00|0,00|
|C170|1|000000180997||95,000|KG|370,50|0,00|0|090|1949||0,00|0,00|0,00|0,00|0,00|0,00||03||0,00|0,00|0,00|74|||||0,00|74|||||0,00||
|C190|090|1949|0,00|389,03|0,00|0,00|0,00|0,00|0,00|0,00|386310|
|C195|386310|N.PEDIDO: 32973390 VENDEDOR: 000008 JOSE RENATO ALVES DA SILVA|
|C100|0|1|5287|55|00|01|320888|42170482641325004377550010003208881201704195|19042017|28042017|423,80|1|0,00|0,00|403,62|1|0,00|0,00|0,00|0,00|0,00|0,00|0,00|20,18|0,00|0,00|0,00|0,00|
|C170|1|000000003848||2,000|CX|403,62|0,00|0|590|2101||0,00|0,00|0,00|0,00|0,00|0,00||00||403,62|5,00|20,18|74|||||0,00|74|||||0,00||
|C190|590|2101|0,00|423,80|0,00|0,00|0,00|0,00|0,00|20,18|386350|
|C195|386350|ENTREGA R 6, SN, QD 23 MOD 2 ESQ R 19, POLO EMPRESARIAL, APARECIDA DE GOIANIA, GO, CNPJ: 03847530000168, IE: 101763743,, 16:37:44  Cliente-00213534 Pedido-05940338 O.C.:ADIAUTO05899989  PAGAR ATRAVES DO BOLETO BANCARIO. Valor dos Tributos Federais: 57,52|
|C100|0|1|17382|55|00|01|41009|53170416404287030224550010000410091040234577|28042017|28042017|2530,04|1|0,00|0,00|2409,56|2|0,00|0,00|0,00|0,00|0,00|0,00|0,00|120,48|0,00|0,00|0,00|0,00|
|C170|1|000000176579||23,000|PCT|2409,56|0,00|0|590|2101||0,00|0,00|0,00|0,00|0,00|0,00||00||2409,56|5,00|120,48|74|||||0,00|74|||||0,00||
|C190|590|2101|0,00|2530,04|0,00|0,00|0,00|0,00|0,00|120,48|386351|
|C195|386351|Controle de Portaria: 124540 Numero DT: 2243052 ITENS PAPEL COM BASE DE CALC RED A 83,33% CONFORME ARTIGO 7o, CADERNO II, ANEXO I, ITEM 15 e 15.1 DO DECRETO 18955/97 DO RICMS/DF Condicoes de Pagamento: 07 DDL BOLETO Produtos certificados FSC. FSC Misto|
|C100|0|1|10957|55|00|002|65368|35170450596790001160550020000653681049457489|27042017|28042017|2102,90|1|0,00|0,00|2102,90|1|0,00|0,00|0,00|0,00|0,00|0,00|0,00|0,00|0,00|0,00|0,00|0,00|
|C170|1|000000181019||17,000|PCT|2102,90|0,00|0|590|2101||0,00|0,00|0,00|0,00|0,00|0,00||49||2102,90|0,00|0,00|74|||||0,00|74|||||0,00||
|C190|590|2101|0,00|2102,90|0,00|0,00|0,00|0,00|0,00|0,00|386352|
|C195|386352|PEDIDO: 4268771 PESO TOTAL: 434,110 VENDEDOR: 431 NUMERO INTERNO: 4945748 COD TRANSP: 7597-4 RECEBE ATE: 18:00 COD CLIENTE:   59253-1 EXPEDICAO RETIRA *RECEBIMENTO: HORARIO COMERCIAL  * * POSTO FISCAL DA CAPITAL 10 - SE *PRODUTOS COM FSC NA DESCRICAO, SAO|
|C100|0|1|1192|55|00|01|208118|35170416404287011602550010002081181496499275|27042017|28042017|45730,67|1|0,00|0,00|43553,02|1|0,00|0,00|0,00|0,00|0,00|0,00|0,00|2177,65|0,00|0,00|0,00|0,00|
|C170|1|000000177895||3,000|TO|10719,99|0,00|0|190|2101||0,00|0,00|0,00|0,00|0,00|0,00||00||10719,99|5,00|536,00|74|||||0,00|74|||||0,00||
|C170|2|000000177441||3,000|PCT|10719,99|0,00|0|190|2101||0,00|0,00|0,00|0,00|0,00|0,00||00||10719,99|5,00|536,00|74|||||0,00|74|||||0,00||
|C170|3|000000050409||6,000|TO|22113,04|0,00|0|090|2101||0,00|0,00|0,00|0,00|0,00|0,00||00||22113,04|5,00|1105,65|74|||||0,00|74|||||0,00||
|C190|090|2101|0,00|23218,69|0,00|0,00|0,00|0,00|0,00|1105,65|386353|
|C190|190|2101|0,00|22511,98|0,00|0,00|0,00|0,00|0,00|1072,00|386353|
|C195|386353|Controle de Portaria: 122758 Numero DT: 2239296 Condicoes de Pagamento: 15/30/45 DDL BOLETO * Produtos certificados FSC. FSC Credito Misto. RA-COC-001983-C ** Produtos certificados FSC. FSC Misto 70%. RA-COC-001983-C Docs. Referencia: 6207456 / 6207456|
|C100|0|1|8283|55|00|01|93894|35170402531128000107550010000938941455826300|25042017|28042017|150,40|1|0,00|0,00|150,40|2|0,00|0,00|0,00|0,00|0,00|0,00|0,00|0,00|0,00|0,00|0,00|0,00|
|C170|1|000000181026||1,000|PC|150,40|0,00|0|190|2949||0,00|0,00|0,00|0,00|0,00|0,00||01||150,40|0,00|0,00|74|||||0,00|74|||||0,00||
|C190|190|2949|0,00|150,40|0,00|0,00|0,00|0,00|0,00|0,00|386365|
|C195|386365|ICMS 4% conf Resoluo do Senado Federal nr 13/12, conv.ICMS 123/12. Contedo de importao 100%.** TRIBUTADO COM ALIQUOTA ZERO CONFORME DECRETO 7.660/2011**  **  ** Numero de remessa 1759691832 ** Pick up ** midwest/ wesley/ Luciano ** Marcelo Paula ** V|
|C100|0|1|8283|55|00|01|93893|35170402531128000107550010000938931242454882|25042017|28042017|4441,99|1|0,00|0,00|4267,02|2|0,00|0,00|174,97|0,00|0,00|0,00|0,00|0,00|0,00|0,00|0,00|0,00|
|C170|1|000000181031||1,000|PC|101,05|0,00|0|190|2949||0,00|0,00|0,00|0,00|0,00|0,00||01||101,05|0,00|0,00|74|||||0,00|74|||||0,00||
|C170|2|000000181030||1,000|PC|166,63|0,00|0|190|2949||0,00|0,00|0,00|0,00|0,00|0,00||01||166,63|0,00|0,00|74|||||0,00|74|||||0,00||
|C170|3|000000181029||1,000|PC|1734,90|0,00|0|190|2949||0,00|0,00|0,00|0,00|0,00|0,00||03||0,00|0,00|0,00|74|||||0,00|74|||||0,00||
|C170|4|000000181028||1,000|PC|1764,46|0,00|0|190|2949||0,00|0,00|0,00|0,00|0,00|0,00||03||0,00|0,00|0,00|74|||||0,00|74|||||0,00||
|C170|5|000000181026||1,000|PC|150,40|0,00|0|190|2949||0,00|0,00|0,00|0,00|0,00|0,00||01||150,40|0,00|0,00|74|||||0,00|74|||||0,00||
|C170|6|000000181026||1,000|PC|150,40|0,00|0|190|2949||0,00|0,00|0,00|0,00|0,00|0,00||01||150,40|0,00|0,00|74|||||0,00|74|||||0,00||
|C170|7|000000181027||1,000|PC|199,18|0,00|0|190|2949||0,00|0,00|0,00|0,00|0,00|0,00||01||199,18|0,00|0,00|74|||||0,00|74|||||0,00||
|C190|190|2949|0,00|4441,99|0,00|0,00|0,00|0,00|0,00|0,00|386367|
|C195|386367|ICMS 4% conf Resoluo do Senado Federal nr 13/12, conv.ICMS 123/12. Contedo de importao 100%.** TRIBUTADO COM ALIQUOTA ZERO CONFORME DECRETO 7.660/2011**  **  ** Numero de remessa 1759691832 ** Pick up ** midwest/ wesley/ Luciano ** Marcelo Paula ** V|
|C100|0|1|11789|55|00|01|33458|52170401536085001242550010000334581000334588|29042017|29042017|1174,00|1|0,00|0,00|1174,00|2|0,00|0,00|0,00|0,00|0,00|0,00|0,00|0,00|0,00|0,00|0,00|0,00|
|C170|1|000000058258||4,000|PCS|676,00|0,00|0|060|1949||0,00|0,00|0,00|0,00|0,00|0,00|||||||74|||||0,00|74|||||0,00||
|C170|2|000000058289||2,000|PCS|498,00|0,00|0|060|1949||0,00|0,00|0,00|0,00|0,00|0,00|||||||74|||||0,00|74|||||0,00||
|C190|060|1949|0,00|1174,00|0,00|0,00|0,00|0,00|0,00|0,00|386313|
|C195|386313|PROCON --- PGTO: 303345801- 1174,00-30/05-.......... CARO CONSUMIDOR, Ao levar seus pneus velhos/usados ora substituidos por novos, manifestando sua intencao de nao descarta-los neste estabelecimento, fique ciente que a responsabilidade do descarte ambi|
|C500|0|1|5762|06|00|4||04|1497852|11042017|24042017|19084,80|0,00|19084,80|0,00|0,00|0,00|0,00|0,00|0,00|0,00||0,00|0,00|||
|C590|090|1252|0,00|19084,80|0,00|0,00|0,00|0,00|0,00||
|C990|796|
|D001|0|
|D100|0|1|2561|57|00|1||184539|52170260829264001237570010001845391116712286|23022017|03042017|0||51,20||9|0,00|0,00|0,00||||
|D190|090|1352|0,00|51,20|0,00|0,00|0,00||
|D100|0|1|2561|57|00|1||181500|52170260829264001237570010001815001128759594|07022017|03042017|0||40,00||9|0,00|0,00|0,00||||
|D190|090|1352|0,00|40,00|0,00|0,00|0,00||
|D100|0|1|2561|57|00|1||181497|52170260829264001237570010001814971689677980|07022017|03042017|0||40,00||9|0,00|0,00|0,00||||
|D190|090|1352|0,00|40,00|0,00|0,00|0,00||
|D100|0|1|2561|57|00|1||183137|52170260829264001237570010001831371715646620|16022017|03042017|0||50,00||9|0,00|0,00|0,00||||
|D190|090|1352|0,00|50,00|0,00|0,00|0,00||
|D100|0|1|2561|57|00|1||181495|52170260829264001237570010001814951420047815|07022017|03042017|0||40,00||9|0,00|0,00|0,00||||
|D190|090|1352|0,00|40,00|0,00|0,00|0,00||
|D100|0|1|2561|57|00|1||183888|52170260829264001237570010001838881208886937|20022017|03042017|0||40,00||9|0,00|0,00|0,00||||
|D190|090|1352|0,00|40,00|0,00|0,00|0,00||
|D100|0|1|2561|57|00|1||183839|52170260829264001237570010001838391941183409|20022017|03042017|0||50,00||9|0,00|0,00|0,00||||
|D190|090|1352|0,00|50,00|0,00|0,00|0,00||
|D100|0|1|2561|57|00|1||183836|52170260829264001237570010001838361523588207|20022017|03042017|0||50,00||9|0,00|0,00|0,00||||
|D190|090|1352|0,00|50,00|0,00|0,00|0,00||
|D100|0|1|2561|57|00|1||183807|52170260829264001237570010001838071915584414|20022017|03042017|0||40,00||9|0,00|0,00|0,00||||
|D190|090|1352|0,00|40,00|0,00|0,00|0,00||
|D100|0|1|4989|57|00|18||61690|52170388446869000962570180000616901002333795|16032017|04042017|0||150,00||9|0,00|0,00|0,00||||
|D190|090|1352|0,00|150,00|0,00|0,00|0,00||
|D100|0|1|4989|57|00|18||61526|52170388446869000962570180000615261002326482|14032017|04042017|0||174,16||9|0,00|0,00|0,00||||
|D190|090|1352|0,00|174,16|0,00|0,00|0,00||
|D100|0|1|18585|57|00|2||10972|52170407515384000124570020000109721000615220|05042017|05042017|0||170,00||9|0,00|0,00|0,00||||
|D190|090|1352|0,00|170,00|0,00|0,00|0,00||
|D100|0|1|16198|57|00|1||87689|52170411290687000163570010000876891001421828|06042017|06042017|0||25,00||9|0,00|0,00|0,00||||
|D190|090|1352|0,00|25,00|0,00|0,00|0,00||
|D100|0|1|2534|57|00|17||404416|52170300712545000120570170004044161020126413|16032017|10042017|0||72,19||9|0,00|0,00|0,00||||
|D190|090|1352|0,00|72,19|0,00|0,00|0,00||
|D100|0|1|4989|57|00|18||62099|52170388446869000962570180000620991002351251|23032017|11042017|0||50,00||9|0,00|0,00|0,00||||
|D190|090|1352|0,00|50,00|0,00|0,00|0,00||
|D100|0|1|4989|57|00|18||61937|52170388446869000962570180000619371002344036|21032017|11042017|0||101,76||9|0,00|0,00|0,00||||
|D190|090|1352|0,00|101,76|0,00|0,00|0,00||
|D100|0|1|4989|57|00|18||61850|52170388446869000962570180000618501002340487|20032017|11042017|0||70,00||9|0,00|0,00|0,00||||
|D190|090|1352|0,00|70,00|0,00|0,00|0,00||
|D100|0|1|3120|57|00|1||217447|35170374167222000210570010002174471000887900|03032017|17042017|0||129,62||9|0,00|0,00|0,00||||
|D190|090|2352|0,00|129,62|0,00|0,00|0,00||
|D100|0|1|3120|57|00|1||217886|35170374167222000210570010002178861000893196|07032017|17042017|0||102,19||9|0,00|0,00|0,00||||
|D190|090|2352|0,00|102,19|0,00|0,00|0,00||
|D100|0|1|3120|57|00|1||217954|35170374167222000210570010002179541000894062|07032017|17042017|0||329,54||9|0,00|0,00|0,00||||
|D190|090|2352|0,00|329,54|0,00|0,00|0,00||
|D100|0|1|3120|57|00|1||217992|35170374167222000210570010002179921000894519|08032017|17042017|0||102,19||9|0,00|0,00|0,00||||
|D190|090|2352|0,00|102,19|0,00|0,00|0,00||
|D100|0|1|3120|57|00|1||218013|35170374167222000210570010002180131000894740|08032017|17042017|0||102,19||9|0,00|0,00|0,00||||
|D190|090|2352|0,00|102,19|0,00|0,00|0,00||
|D100|0|1|3120|57|00|1||218189|35170374167222000210570010002181891000896673|08032017|17042017|0||971,42||9|0,00|0,00|0,00||||
|D190|090|2352|0,00|971,42|0,00|0,00|0,00||
|D100|0|1|3120|57|00|1||218863|35170374167222000210570010002188631000904260|13032017|17042017|0||102,19||9|0,00|0,00|0,00||||
|D190|090|2352|0,00|102,19|0,00|0,00|0,00||
|D100|0|1|3120|57|00|1||220192|35170374167222000210570010002201921000919846|21032017|17042017|0||102,19||9|0,00|0,00|0,00||||
|D190|090|2352|0,00|102,19|0,00|0,00|0,00||
|D100|0|1|3120|57|00|1||220222|35170374167222000210570010002202221000920160|21032017|17042017|0||102,19||9|0,00|0,00|0,00||||
|D190|090|2352|0,00|102,19|0,00|0,00|0,00||
|D100|0|1|3120|57|00|1||220398|35170374167222000210570010002203981000922493|22032017|17042017|0||102,19||9|0,00|0,00|0,00||||
|D190|090|2352|0,00|102,19|0,00|0,00|0,00||
|D100|0|1|3120|57|00|1||220590|35170374167222000210570010002205901000924774|23032017|17042017|0||102,19||9|0,00|0,00|0,00||||
|D190|090|2352|0,00|102,19|0,00|0,00|0,00||
|D100|0|1|3120|57|00|1||221082|35170374167222000210570010002210821000930567|27032017|17042017|0||102,19||9|0,00|0,00|0,00||||
|D190|090|2352|0,00|102,19|0,00|0,00|0,00||
|D100|0|1|3120|57|00|1||221084|35170374167222000210570010002210841000930588|27032017|17042017|0||102,19||9|0,00|0,00|0,00||||
|D190|090|2352|0,00|102,19|0,00|0,00|0,00||
|D100|0|1|3120|57|00|1||221694|35170374167222000210570010002216941000938278|30032017|17042017|0||102,19||9|0,00|0,00|0,00||||
|D190|090|2352|0,00|102,19|0,00|0,00|0,00||
|D100|0|1|3120|57|00|1||221310|35170374167222000210570010002213101000933369|28032017|17042017|0||102,19||9|0,00|0,00|0,00||||
|D190|090|2352|0,00|102,19|0,00|0,00|0,00||
|D195|000000|,|
|D100|0|1|2534|57|00|17||405991|52170300712545000120570170004059911020230276|24032017|17042017|0||180,07||9|0,00|0,00|0,00||||
|D190|090|1352|0,00|180,07|0,00|0,00|0,00||
|D100|0|1|10634|57|00|1||228006|52170305222092000259570010002280061005136473|28032017|17042017|0||251,20||9|0,00|0,00|0,00||||
|D190|090|1352|0,00|251,20|0,00|0,00|0,00||
|D100|0|1|6564|57|00|6||276097|52170333070814001557570060002760971061863571|17032017|17042017|0||90,00||9|0,00|0,00|0,00||||
|D190|090|1352|0,00|90,00|0,00|0,00|0,00||
|D100|0|1|6564|57|00|6||278939|52170333070814001557570060002789391062167107|29032017|17042017|0||80,00||9|0,00|0,00|0,00||||
|D190|090|1352|0,00|80,00|0,00|0,00|0,00||
|D100|0|1|4989|57|00|18||62616|52170388446869000962570180000626161002371090|30032017|18042017|0||70,00||9|0,00|0,00|0,00||||
|D190|090|1352|0,00|70,00|0,00|0,00|0,00||
|D100|0|1|4989|57|00|18||62195|52170388446869000962570180000621951002355040|24032017|18042017|0||70,00||9|0,00|0,00|0,00||||
|D190|090|1352|0,00|70,00|0,00|0,00|0,00||
|D100|0|1|2534|57|00|17||407192|52170300712545000120570170004071921020311546|31032017|24042017|0||154,50||9|0,00|0,00|0,00||||
|D190|090|1352|0,00|154,50|0,00|0,00|0,00||
|D100|0|1|4989|57|00|18||62896|52170488446869000962570180000628961002382381|04042017|25042017|0||145,11||9|0,00|0,00|0,00||||
|D190|090|1352|0,00|145,11|0,00|0,00|0,00||
|D100|0|1|4989|57|00|18||62992|52170488446869000962570180000629921002386227|05042017|25042017|0||50,00||9|0,00|0,00|0,00||||
|D190|090|1352|0,00|50,00|0,00|0,00|0,00||
|D100|0|1|4989|57|00|18||63077|52170488446869000962570180000630771002389497|06042017|25042017|0||70,00||9|0,00|0,00|0,00||||
|D190|090|1352|0,00|70,00|0,00|0,00|0,00||
|D100|0|1|8815|57|00|1||847635|52170408402055000130570010008476351017342989|05042017|27042017|0||37,01||9|0,00|0,00|0,00||||
|D190|090|1352|0,00|37,01|0,00|0,00|0,00||
|D100|0|1|237|57|00|0||14518|52170403618141000160570000000145181000071555|06042017|28042017|0||232,00||9|0,00|0,00|0,00||||
|D190|090|1352|0,00|232,00|0,00|0,00|0,00||
|D500|0|1|9253|22|00|GO||386|01032017|01042017|2220,76||2220,76|0,00|0,00|0,00|0,00|0,00||0,00|0,00|||
|D590|090|1302|0,00|2220,76|0,00|0,00|0,00|0,00|0,00||
|D500|0|1|8506|22|00|AB||48424|03042017|20042017|1135,19||1135,19|0,00|0,00|0,00|0,00|0,00||0,00|0,00|||
|D590|090|1302|0,00|1135,19|0,00|0,00|0,00|0,00|0,00||
|D500|0|1|20248|22|00|AB||7634|03042017|20042017|70,78||70,78|0,00|0,00|0,00|0,00|0,00||0,00|0,00|||
|D590|090|2302|0,00|70,78|0,00|0,00|0,00|0,00|0,00||
|D990|97|
|E001|0|
|E100|01042017|30042017|
|E110|1435,21|0,00|0,00|0,00|0,00|0,00|980,24|0,00|0,00|454,97|0,00|454,97|0,00|0,00|
|E111|GO020083|AJUSTE DE OUTROS CREDITOS DE DEVOLUÇAO DE COMPRAS REF. AS NOTAS 8789(29929) 8834(92899) 8842(76990)|980,24|
|E116|000|454,97|05052017|108|||||042017|
|E200|GO|01042017|30042017|
|E210|1|39,35|0,00|0,00|0,00|0,00|0,00|0,00|0,00|0,00|0,00|0,00|39,35|0,00|
|E200|SP|01042017|30042017|
|E210|1|399,65|0,00|0,00|0,00|0,00|0,00|0,00|0,00|0,00|0,00|0,00|399,65|0,00|
|E300|AC|01042017|30042017|
|E310|0|0,00|0,00|0,00|0,00|0,00|0,00|0,00|0,00|0,00|0,00|0,00|0,00|0,00|0,00|0,00|0,00|0,00|0,00|0,00|0,00|
|E300|AM|01042017|30042017|
|E310|0|0,00|0,00|0,00|0,00|0,00|0,00|0,00|0,00|0,00|0,00|0,00|0,00|0,00|0,00|0,00|0,00|0,00|0,00|0,00|0,00|
|E300|BA|01042017|30042017|
|E310|0|0,00|0,00|0,00|0,00|0,00|0,00|0,00|0,00|0,00|0,00|0,00|0,00|0,00|0,00|0,00|0,00|0,00|0,00|0,00|0,00|
|E300|CE|01042017|30042017|
|E310|0|0,00|0,00|0,00|0,00|0,00|0,00|0,00|0,00|0,00|0,00|0,00|0,00|0,00|0,00|0,00|0,00|0,00|0,00|0,00|0,00|
|E300|DF|01042017|30042017|
|E310|0|0,00|0,00|0,00|0,00|0,00|0,00|0,00|0,00|0,00|0,00|0,00|0,00|0,00|0,00|0,00|0,00|0,00|0,00|0,00|0,00|
|E300|MA|01042017|30042017|
|E310|0|0,00|0,00|0,00|0,00|0,00|0,00|0,00|0,00|0,00|0,00|0,00|0,00|0,00|0,00|0,00|0,00|0,00|0,00|0,00|0,00|
|E300|MG|01042017|30042017|
|E310|0|0,00|0,00|0,00|0,00|0,00|0,00|0,00|0,00|0,00|0,00|0,00|0,00|0,00|0,00|0,00|0,00|0,00|0,00|0,00|0,00|
|E300|MS|01042017|30042017|
|E310|0|0,00|0,00|0,00|0,00|0,00|0,00|0,00|0,00|0,00|0,00|0,00|0,00|0,00|0,00|0,00|0,00|0,00|0,00|0,00|0,00|
|E300|MT|01042017|30042017|
|E310|0|0,00|0,00|0,00|0,00|0,00|0,00|0,00|0,00|0,00|0,00|0,00|0,00|0,00|0,00|0,00|0,00|0,00|0,00|0,00|0,00|
|E300|PA|01042017|30042017|
|E310|0|0,00|0,00|0,00|0,00|0,00|0,00|0,00|0,00|0,00|0,00|0,00|0,00|0,00|0,00|0,00|0,00|0,00|0,00|0,00|0,00|
|E300|PR|01042017|30042017|
|E310|0|0,00|0,00|0,00|0,00|0,00|0,00|0,00|0,00|0,00|0,00|0,00|0,00|0,00|0,00|0,00|0,00|0,00|0,00|0,00|0,00|
|E300|RJ|01042017|30042017|
|E310|0|0,00|0,00|0,00|0,00|0,00|0,00|0,00|0,00|0,00|0,00|0,00|0,00|0,00|0,00|0,00|0,00|0,00|0,00|0,00|0,00|
|E300|RO|01042017|30042017|
|E310|0|0,00|0,00|0,00|0,00|0,00|0,00|0,00|0,00|0,00|0,00|0,00|0,00|0,00|0,00|0,00|0,00|0,00|0,00|0,00|0,00|
|E300|RR|01042017|30042017|
|E310|0|0,00|0,00|0,00|0,00|0,00|0,00|0,00|0,00|0,00|0,00|0,00|0,00|0,00|0,00|0,00|0,00|0,00|0,00|0,00|0,00|
|E300|RS|01042017|30042017|
|E310|0|0,00|0,00|0,00|0,00|0,00|0,00|0,00|0,00|0,00|0,00|0,00|0,00|0,00|0,00|0,00|0,00|0,00|0,00|0,00|0,00|
|E300|SC|01042017|30042017|
|E310|0|0,00|0,00|0,00|0,00|0,00|0,00|0,00|0,00|0,00|0,00|0,00|0,00|0,00|0,00|0,00|0,00|0,00|0,00|0,00|0,00|
|E300|SP|01042017|30042017|
|E310|0|0,00|0,00|0,00|0,00|0,00|0,00|0,00|0,00|0,00|0,00|0,00|0,00|0,00|0,00|0,00|0,00|0,00|0,00|0,00|0,00|
|E300|TO|01042017|30042017|
|E310|0|0,00|0,00|0,00|0,00|0,00|0,00|0,00|0,00|0,00|0,00|0,00|0,00|0,00|0,00|0,00|0,00|0,00|0,00|0,00|0,00|
|E300|GO|01042017|30042017|
|E310|0|0,00|0,00|0,00|0,00|0,00|0,00|0,00|0,00|0,00|0,00|0,00|0,00|0,00|0,00|0,00|0,00|0,00|0,00|0,00|0,00|
|E500|0|01042017|30042017|
|E510|6949|53|122367,76|0,00|0,00|
|E510|5949|53|149059,12|0,00|0,00|
|E510|1101|00|39869,22|39869,22|1905,64|
|E510|2949|00|325,96|325,96|16,30|
|E510|2949|03|77830,99|0,00|0,00|
|E510|6949|50|325,96|325,96|16,30|
|E510|2101|03|10216,74|0,00|0,00|
|E510|1556|00|109,00|109,00|0,00|
|E510|2101|00|222517,88|222517,88|26015,33|
|E510|2101|05|449,40|0,00|0,00|
|E510|1101|03|50,40|0,00|0,00|
|E510|5201|53|364,00|0,00|0,00|
|E510|1556|03|304,80|0,00|0,00|
|E510|5101|53|4550,00|0,00|0,00|
|E510|1949|00|195,30|195,30|0,00|
|E510|2101|49|7183,72|3591,86|0,00|
|E510|6201|50|22245,86|22245,86|3330,07|
|E510|6201|53|1918,00|0,00|0,00|
|E510|1101|54|3193,42|0,00|0,00|
|E510|1101|49|521,00|260,50|0,00|
|E510|2101|54|7581,69|0,00|0,00|
|E510|1556|49|610,00|305,00|0,00|
|E510|1949|03|370,50|0,00|0,00|
|E520|2252816,09|3346,37|27937,27|0,00|0,00|2277406,99|0,00|
|E990|73|
|G001|1|
|G990|2|
|H001|1|
|H990|2|
|K001|0|
|K100|01042017|30042017|
|K990|3|
|1001|0|
|1010|N|N|N|N|N|N|N|N|N|
|1990|3|
|9001|0|
|9900|0000|1|
|9900|0001|1|
|9900|0005|1|
|9900|0100|1|
|9900|0150|109|
|9900|0190|26|
|9900|0200|137|
|9900|0206|2|
|9900|0450|1|
|9900|0460|193|
|9900|0990|1|
|9900|C001|1|
|9900|C100|211|
|9900|C110|1|
|9900|C170|175|
|9900|C190|213|
|9900|C195|192|
|9900|C500|1|
|9900|C590|1|
|9900|C990|1|
|9900|D001|1|
|9900|D100|44|
|9900|D190|44|
|9900|D195|1|
|9900|D500|3|
|9900|D590|3|
|9900|D990|1|
|9900|E001|1|
|9900|E100|1|
|9900|E110|1|
|9900|E111|1|
|9900|E116|1|
|9900|E200|2|
|9900|E210|2|
|9900|E300|19|
|9900|E310|19|
|9900|E500|1|
|9900|E510|23|
|9900|E520|1|
|9900|E990|1|
|9900|G001|1|
|9900|G990|1|
|9900|H001|1|
|9900|H990|1|
|9900|K001|1|
|9900|K100|1|
|9900|K990|1|
|9900|1001|1|
|9900|1010|1|
|9900|1990|1|
|9900|9001|1|
|9900|9900|54|
|9900|9990|1|
|9900|9999|1|
|9990|57|
|9999|1506|
